2804 4830
1168 283 1238 338 XIII

160 457 320 524 Uictorem
348 455 523 538 nuperrime
558 453 655 522 edidit
682 452 850 521 Carolus
880 453 1062 521 Halmius
1090 454 1123 520 in
1150 454 1250 533 libro,⁴

118 559 206 626 ouius
228 559 342 625 titulus
365 559 428 623 est:
452 557 598 624 lictoris
614 557 751 622 Vitensis
767 555 899 622 historia
919 557 1142 640 persecutionis
1153 556 1240 624 1161-

118 681 212 727 canae
239 661 419 743 prouinciae
448 661 505 726 sub
529 659 684 726 Geiserico
714 663 745 725 et
766 659 918 726 Hunirico
946 659 1072 744 regibus
1097 660 1239 726 Wanda-

117 766 219 831 lorum
243 765 458 847 (Monumenta
473 763 657 830 Germaniae
678 763 837 830 historice.
860 763 1033 830 Auctorem
1056 763 1239 846 antiquissi-

117 887 239 933 morum
275 868 354 933 tomi
387 887 428 934 111
460 887 532 951 pars
568 867 676 952 prior).
724 867 866 933 Berolini
903 871 983 952 apud
1018 866 1238 934 Weidmannos
1299 854 1301 858 ’

118 973 399 1037 moccmxxvm'
428 973 496 1038 Hac
519 973 653 1038 editione
675 992 726 1037 me
749 990 933 1056 magnopere
955 972 1098 1036 adiutum
1120 989 1184 1037 esse
1206 971 1240 1035 in

117 1073 220 1138 uerbis
243 1066 376 1140 auctoris
399 1075 604 1142 restituendis
626 1074 763 1159 ingenue
778 1073 889 1139 fateor.
916 1071 1000 1138 Nam
1015 1071 1077 1139 6161
1091 1073 1241 1156 quaedam

116 1176 219 1242 minus
248 1182 331 1243 recte
359 1178 519 1261 scripsisse
549 1177 776 1243 existimandus
807 1179 853 1242 est
882 1177 931 1241 uir
960 1175 1181 1256 doctissimus,
1204 1196 1241 1242 ea
1352 1213 1355 1218 -

118 1282 272 1346 mehercle
295 1282 464 1349 minutiora
486 1284 561 1348 sunt
584 1302 684 1366 neque
707 1281 756 1348 ita
778 1283 968 1363 comparata,
995 1285 1032 1346 61
1053 1280 1152 1347 labori
1174 1279 1239 1344 eius

118 1387 208 1468 atque
220 1387 356 1453 acumini
367 1388 493 1453 laudem
504 1387 625 1470 possint
640 1388 810 1455 detrahere.
830 1387 905 1468 Quis
917 1388 1000 1452 enim
1010 1405 1072 1452 non
1083 1385 1239 1450 interdum

117 1489 275 1555 laberetur
297 1491 329 1555 in
348 1490 463 1558 edendo
479 1494 629 1575 scriptore
654 1495 831 1557 auctarum
847 1510 956 1557 norma
977 1491 1010 1556 61
1030 1509 1140 1575 genere
1163 1490 1239 1554 scri·

72 1641 79 1655 .
118 1591 211 1657 bondi
231 1610 354 1676 prorsus
375 1594 487 1673 alieno,
511 1594 599 1659 cuius
620 1613 722 1661 sermo
743 1597 811 1660 tam
825 1595 911 1660 rudis
927 1595 974 1659 est
988 1598 1080 1676 atque
1096 1592 1237 1677 agrestis,

119 1701 153 1761 ut
175 1698 272 1764 bonae
294 1699 462 1764 latinitatis
476 1698 614 1782 uestigia
629 1697 788 1782 supersint
801 1717 896 1781 paene
918 1697 1016 1776 nulla,
1038 1697 1134 1762 uerba
1149 1713 1239 1778 saepe

74 1852 79 1879 ,
118 1800 183 1865 tem
195 1801 332 1881 obscura,
349 1803 386 1867 ut
401 1802 541 1886 intellegi
554 1803 608 1868 uix
620 1807 745 1885 queant,
760 1801 914 1868 librorum
929 1800 1058 1883 denique
1069 1799 1163 1865 lectio
1174 1803 1240 1864 tam

120 1904 250 1983 diuersa,
273 1909 309 1969 ut
331 1905 363 1970 te
385 1905 429 1969 ‘in
444 1925 478 1970 re
494 1907 605 1970 critica
620 1906 783 1972 tractanda
803 1908 885 1971 certo
900 1907 986 1983 duce,
1002 1923 1103 1987 quem
1116 1901 1239 1985 potissi-

119 2026 206 2072 mum
221 2025 359 2089 sequare,
382 2008 570 2074 destitutum
588 2009 662 2073 csse'
685 2013 714 2074 61
730 2007 860 2073 moleste
875 2008 958 2072 feras
976 2010 1008 2071 et
1023 2006 1136 2072 doleas.
1159 2004 1240 2071 Mihi

120 2109 244 2191 quidem
259 2109 395 2176 Uictoris
417 2128 493 2192 opus
516 2111 636 2177 edituro
659 2111 691 2177 id
713 2109 910 2193 potissimum
925 2128 1039 2175 munus
1062 2108 1240 2173 iniunctum

119 2231 185 2278 esse
206 2213 308 2295 uolui,
338 2216 375 2278 ut
397 2234 415 2279 a
436 2213 497 2279 fide
521 2231 627 2280 eorum
650 2213 818 2294 librorum,
846 2233 920 2297 quos
944 2213 1077 2298 optimos
1099 2231 1163 2278 esse
1186 2229 1239 2278 co·

118 2335 295 2400 gnoueram‚
320 2335 383 2382 non
403 2318 587 2397 recederem,
611 2319 671 2383 nisi
692 2318 747 2385 ubi
768 2319 883 2400 apertis
905 2317 991 2383 uitiis
1012 2317 1046 2382 in
1068 2317 1111 2382 eis
1134 2320 1239 2399 depre

118 2419 221 2484 hensis
243 2420 281 2484 ad
304 2421 438 2486 alterum
461 2422 601 2487 codicum
624 2441 720 2505 genus
749 2422 911 2505 confugere
933 2441 1054 2487 necesse
1079 2420 1237 2496 haberem

119 2541 197 2605 quae
218 2542 292 2588 uero
308 2525 341 2588 in
357 2525 522 2590 uerborum
539 2528 686 2590 contextu
700 2529 784 2590 recte
799 2525 960 2608 scripsisse
975 2530 1029 2590 aut
1050 2524 1239 2590 intellexisse

119 2624 197 2689 mihi
217 2627 304 2690 uisus
327 2644 442 2702 essem,
475 2627 508 2690 in
536 2628 638 2692 indico
665 2629 831 2694 uerborum
860 2632 892 2693 et
913 2627 1118 2707 locutionum,
1147 2645 1239 2710 quem

119 2748 239 2795 summo
259 2749 331 2795 cum
352 2731 458 2796 labore
473 2731 600 2812 confeci,
624 2751 716 2816 quam
737 2733 917 2816 plenissime
939 2733 1122 2816 explicarem
1146 2731 1239 2812 atque

122 2833 268 2915 exemplis
292 2833 419 2899 aliunde
441 2835 591 2917 quaesitis
617 2838 826 2919 approbarem

160 2953 341 3035 Antequam
362 2954 547 3037 praefationi
569 2956 664 3020 finem
686 2956 826 3039 impono,
856 2975 917 3022 non
938 2972 1064 3041 possum
1085 2973 1144 3020 non
1165 2973 1238 3038 gra-

117 3055 177 3121 tias
200 3074 289 3140 agero
318 3059 544 3124 academiae
566 3059 794 3125 litterarum
815 3077 1023 3125 caesareae
1045 3056 1239 3125 Uindobo·

118 3161 249 3238 66661,
274 3161 360 3226 cuius
383 3161 574 3228 liberalitate
596 3163 675 3228 satis
697 3181 812 3247 magna
833 3162 983 3228 librorum
997 3180 1093 3227 manu
1108 3162 1239 3242 scripto·

117 3282 188 3327 rum
211 3263 298 3348 copia
319 3265 398 3330 mihi
419 3267 467 3331 uti
488 3267 593 3346 licuit,
617 3266 729 3332 deinde
750 3267 827 3332 uiris
849 3266 985 3347 eximiis,
1014 3283 1144 3347 quorum
1166 3264 1239 3328 doc·

117 3366 217 3432 trinae
240 3371 271 3432 et
294 3368 481 3435 humanitati
502 3370 694 3454 permultum
720 3369 826 3454 debeo,
849 3369 987 3436 Oarolo
1014 3366 1186 3435 Schenkl
1208 3367 1239 3431 61

118 3470 315 3538 Guilelmo
344 3473 498 3553 Hartel‚
527 3475 595 3538 tum
623 3474 769 3540 Iacobo
791 3473 977 3539 Wichner
1006 3469 1238 3538 bibliothecario

119 3571 350 3652 honestissimo,
386 3575 439 3657 qui
472 3576 584 3643 codicis
607 3578 826 3643 Admontensis
848 3578 968 3658 copiam
990 3575 1067 3639 mihi
1089 3573 1180 3651 fecit,
1207 3577 1239 3638 61

119 3674 256 3741 Oarolo
280 3677 412 3743 Zetter
435 3680 570 3763 collegae
592 3680 787 3757 amicissimo,
813 3682 867 3761 qui
889 3682 927 3745 de
941 3697 1044 3744 sacrae
1066 3676 1239 3759 scripturae

118 3778 194 3843 locis
222 3781 275 3844 uel
297 3781 334 3846 de
356 3782 595 3866 antiquitatibus
618 3782 801 3848 Christianis
829 3785 943 3847 iterum
970 3783 1144 3863 iterumque
1166 3799 1238 3845 con·

118 3883 218 3948 sultus
242 3901 366 3967 operam
387 3885 466 3952 mihi
488 3887 644 3970 egregiam
666 3905 781 3952 nauare
803 3906 863 3952 non
880 3885 1018 3951 destitit.

162 4001 341 4070 scribebam
357 4007 480 4074 Graecii
496 4009 528 4072 in
545 4007 649 4092 styria
663 4026 768 4074 mense

322 4110 437 4174 Martio
460 4129 488 4175 a.
513 4109 606 4176 1881.

821 4215 960 4285 llicbael
990 4216 1197 4305 Pehcbentq.
