2804 4830
221 298 261 364 46
612 295 763 351 Uictoris
784 293 941 350 Uitensis

220 503 285 550 esse
314 485 454 549 locutum
483 484 644 550 manifesto
671 483 830 566 nouimus3
859 483 948 548 modo
982 498 1123 546 excusare
1151 499 1212 548 non
1233 482 1335 560 debes,

220 586 404 671 praesertim
427 588 499 670 quia
520 590 556 652 tn
578 587 669 652 huius
691 588 736 653 nei
756 589 935 653 incendium
956 571 1136 651 suscitasti'.
1162 583 1203 648 m
1225 583 1336 650 uidens

221 689 388 756 catholicos
409 689 565 773 episcopos
581 691 620 756 ad
636 691 814 757 conflictum
832 689 932 773 magis
948 687 1044 754 fuisse
1059 687 1194 770 paratos,
1209 687 1335 752 omnino

219 793 411 859 audientiam
433 792 560 858 diuersis
583 793 831 859 cauillationibns
848 791 1024 858 declinarit
1048 788 1135 870 Quod
1151 788 1222 854 ante
1237 789 1347 854 nostri-

219 893 433 976 praeuidentes
466 895 610 960 libellum
645 897 681 962 de
713 896 772 962 tide
809 895 1051 977 conscripserant
1084 893 1160 956 satis
1193 891 1368 957 decoratore

219 995 466 1080 sufficienterque
496 999 715 1079 conscriptum,
751 997 902 1063 dicentes:
936 995 972 1060 ‘si
1001 995 1139 1060 nostram
1167 993 1261 1058 fidem
1284 1012 1335 1059 co-

219 1115 364 1184 gnoscere
387 1099 577 1180 desideratis,
600 1099 676 1166 haec
699 1103 748 1165 est
769 1099 885 1166 ueritas
908 1117 1002 1182 quern
1023 1097 1184 1164 tenemus’.

677 1287 877 1296 ——-.-———--

459 1503 602 1588 crena
628 1446 758 1587 oron
785 1502 1093 1607 carnosiore.

168 1713 210 1778 56
264 1708 336 1794 (ΙΙΙ,
355 1712 385 1791 1)
411 1709 520 1794 Regali
536 1709 665 1793 imperio
682 1710 754 1775 fidei
770 1709 950 1790 catholicae,
967 1727 1061 1791 quam
1077 1712 1227 1787 tenemus,
1244 1727 1336 1791 prae·

220 1812 351 1896 cipimur
372 1813 500 1878 reddere
522 1811 689 1891 rationem3
713 1813 840 1894 ideoque
862 1811 1136 1896 adgredimnrpro
1159 1814 1336 1877 nostrarum
1346 1836 1369 1874 10

118 1964 121 1970 .
219 1915 333 1980 uirium
355 1915 577 1993 mediocritate,
601 1914 707 1980 diuino
729 1913 804 1980 fulti
826 1913 985 1992 adiutorio,
1009 1916 1089 1996 quod
1111 1913 1262 1979 credimus
1285 1915 1337 1978 uei

218 2017 440 2100 praedicamus,
475 2017 611 2082 breuiter
644 2016 800 2082 intimare.
840 2016 981 2082 Primum
1014 2015 1112 2100 igitur
1145 2017 1183 2081 de
1211 2015 1336 2081 unitate

219 2121 412 2186 substantiae
434 2123 532 2203 patris
556 2119 681 2198 attilii,
713 2121 793 2200 quod
816 2117 925 2186 Graeci
949 2120 1107 2184 omousion
1129 2118 1253 2197 dicunt,
1284 2139 1336 2183 ex-

118 2281 121 2286 .
218 2224 392 2308 ponendum
414 2224 502 2288 nobis
525 2242 589 2289 esse
618 2224 838 2306 cognoscimus.
876 2224 1002 2288 Patrem
1031 2239 1103 2304 ergo
1126 2224 1157 2286 et
1178 2221 1280 2287 filium
1305 2226 1337 2286 ct

219 2324 364 2407 spiritum
392 2326 534 2390 sanctum
564 2327 608 2390 ita
635 2325 669 2390 in
699 2325 819 2392 unitate
854 2325 980 2391 deitatis
1010 2323 1206 2406 profitemur,
1240 2326 1276 2389 ut
1306 2328 1368 2390 etro

219 2431 338 2504 patrem
359 2427 392 2491 in
414 2447 469 2492 sua
490 2428 688 2510 proprietatis
711 2446 840 2510 persona
862 2426 1031 2492 subsistere
1054 2430 1084 2491 et
1100 2426 1200 2492 filium
1222 2426 1336 2492 nihilo·

219 2530 321 2596 minus
343 2531 376 2594 in
398 2529 522 2611 propria
544 2531 647 2594 extare
670 2548 800 2612 persona
823 2530 915 2611 atque
937 2530 1082 2612 spiritum
1100 2529 1243 2594 sanctum
1264 2549 1336 2612 per-

220 2651 312 2696 sonae
339 2651 412 2697 suae
440 2632 660 2713 proprietatem
688 2631 822 2698 retinere
850 2631 933 2698 fideli
963 2632 1151 2697 confessione
1172 2631 1335 2711 fateamur,

220 2754 280 2800 non
302 2735 432 2799 eundem
455 2738 624 2800 asserentes
647 2735 768 2815 patrem
785 2754 876 2816 quem
898 2735 1000 2799 tilium
1019 2752 1118 2816 neque
1139 2732 1240 2799 filium
1263 2753 1336 2800 con·

219 2837 341 2902 fitentes
364 2838 416 2919 qui
437 2841 524 2920 pater
546 2837 588 2902 sit
610 2841 664 2903 aut
687 2838 814 2921 spiritus
838 2840 977 2916 sanctus,
1000 2857 1099 2920 neque
1121 2837 1167 2902 ita
1189 2836 1368 2918 spiritumet

220 2943 360 3005 sanctum
384 2940 551 3022 accipimus
574 2943 610 3004 ut
635 2945 688 3006 aut
711 2943 800 3023 pater
821 2941 863 3004 sit
886 2944 940 3005 aut
961 2939 1060 3005 filins:
1084 2941 1135 3004 sed
1158 2939 1336 3023 ingenitum

273 3196 286 3248 1
314 3195 455 3248 manifeste
486 3196 587 3265 WMsd
695 3195 812 3248 excusari
838 3211 857 3249 o
967 3196 983 3250 5
1010 3171 1222 3265 conscripserunt
1250 3197 1267 3264 β

221 3279 235 3331 1
254 3281 382 3335 tenemus.
401 3280 518 3349 Explicit
529 3280 597 3334 liber
609 3281 639 3334 II
652 3282 712 3345 (om.
725 3281 820 3350 Med).
839 3280 939 3349 Incipit
950 3280 1018 3334 liber
1030 3280 1091 3335 fidei
1104 3281 1250 3336 catholicoe
1263 3283 1337 3349 (fidei

219 3365 364 3418 catholicae
382 3366 450 3419 liber
471 3367 549 3433 VOe)
567 3365 756 3436 BVOWsod.
784 3365 863 3420 Liber
881 3366 976 3434 incipit
999 3365 1062 3420 fidei
1080 3367 1224 3421 catholicae
1241 3369 1278 3421 M

271 3501 298 3553 A
309 3501 478 3555 :lectiones
497 3502 595 3557 codicis
613 3502 809 3558 Laodrmeasis
827 3506 877 3557 113
894 3519 915 3559 s.
929 3503 985 3570 IX,
1005 3504 1038 3556 ob
1056 3504 1168 3560 Halmio
1186 3505 1284 3560 rolicti.

272 3604 371 3672 Incipit
389 3604 495 3658 libellus
513 3607 693 3674 episcoporum
711 3605 901 3660 catholicorum
920 3605 954 3660 ad
971 3606 1126 3661 hunericum
1144 3623 1234 3676 regem
1251 3623 1336 3663 nucu·

221 3689 339 3744 datorum
363 3689 454 3743 datum
472 3690 499 3742 A
612 3691 767 3744 9tenemur
784 3691 842 3744 BV
955 3692 986 3745 11
1009 3691 1107 3745 auxilio
1124 3692 1152 3745 A
1269 3709 1337 3762 quae

220 3776 247 3831 A
351 3775 383 3828 12
401 3773 494 3828 leuiter
511 3775 558 3829 Po
662 3777 694 3830 13
713 3777 866 3830 homousion
885 3778 912 3830 A
931 3793 1034 3845 semper
1053 3782 1077 3830 et
1095 3777 1165 3830 otio
1191 3793 1337 3848 omonsyon

223 3861 261 3916 W
363 3859 395 3914 14
421 3861 601 3928 cognoscimur
628 3862 655 3915 A
757 3863 789 3916 16
815 3862 974 3931 proprietate
997 3864 1161 3932 personaed
1265 3863 1337 3918 nihil

219 3945 344 3999 hominus
365 3944 418 4000 W'b
521 3946 552 4000 17
570 3947 683 4000 excitare
701 3947 759 4002 170ι
862 3947 894 4001 18
911 3946 1074 4016 proprietate
1095 3948 1128 4003 0²
1224 3950 1337 4003 retineri

220 4029 319 4084 BVOs
433 4032 464 4085 19
485 4034 627 4086 asserentes
645 4034 711 4087 met:
740 4033 887 4087 adserentes
904 4033 1035 4088 Halmius
1137 4049 1219 4102 nequo
1236 4033 1335 4103 filium]

222 4129 306 4181 neque
324 4115 434 4170 cundem
452 4116 537 4170 filium
556 4117 583 4170 A
686 4117 719 4170 20
738 4119 796 4188 qni]
814 4119 877 4187 quia
895 4118 949 4174 PR
1048 4121 1085 4172 sit
1103 4135 1152 4174 om.
1170 4120 1197 4173 A
1297 4123 1337 4174 ita

220 4201 306 4267 ovid
