<?xml version="1.0" encoding="UTF-8"?>
<!DOCTYPE html PUBLIC "-//W3C//DTD XHTML 1.0 Transitional//EN"
    "http://www.w3.org/TR/xhtml1/DTD/xhtml1-transitional.dtd">
<html xmlns="http://www.w3.org/1999/xhtml" xml:lang="en" lang="en">
 <head>
  <title>
</title>
<meta http-equiv="Content-Type" content="text/html;charset=utf-8" />
  <meta name='ocr-system' content='tesseract 3.04.00' />
  <meta name='ocr-capabilities' content='ocr_page ocr_carea ocr_par ocr_line ocrx_word'/>
</head>
<body>
  <div class='ocr_page' id='page_1' title='image "./victorisepiscop01victgoog_0056.png"; bbox 0 0 2804 4830; ppageno 0'>
   <div class='ocr_carea' id='block_1_1' title="bbox 572 339 1264 410">
    <p class='ocr_par' dir='ltr' id='par_1_1' title="bbox 572 339 1264 410">
     <span class='ocr_line' id='line_1_1' title="bbox 572 339 1264 410; baseline -0.003 -16"><span class='ocrx_word' id='word_1_1' title='bbox 572 339 662 395; x_wconf 87' lang='lat' dir='ltr'>liber</span> <span class='ocrx_word' id='word_1_2' title='bbox 680 340 716 407; x_wconf 84' lang='grc' dir='ltr'>ΙΙ,</span> <span class='ocrx_word' id='word_1_3' title='bbox 740 341 832 395; x_wconf 84' lang='grc'><strong>6-11.</strong></span> <span class='ocrx_word' id='word_1_4' title='bbox 1224 344 1264 410; x_wconf 69' lang='lat'>27</span> 
     </span>
    </p>
   </div>
   <div class='ocr_carea' id='block_1_2' title="bbox 93 529 1319 3392">
    <p class='ocr_par' dir='ltr' id='par_1_2' title="bbox 93 529 1264 1227">
     <span class='ocr_line' id='line_1_2' title="bbox 93 529 1263 613; baseline 0.001 -18"><span class='ocrx_word' id='word_1_5' title='bbox 93 578 97 584; x_wconf 80' lang='lat'>-</span> <span class='ocrx_word' id='word_1_6' title='bbox 140 530 314 612; x_wconf 87' lang='lat' dir='ltr'>suggerunt</span> <span class='ocrx_word' id='word_1_7' title='bbox 336 529 373 593; x_wconf 91' lang='lat' dir='ltr'>de</span> <span class='ocrx_word' id='word_1_8' title='bbox 395 529 460 609; x_wconf 86' lang='lat' dir='ltr'>illo,</span> <span class='ocrx_word' id='word_1_9' title='bbox 484 529 520 594; x_wconf 89' lang='lat' dir='ltr'>nt</span> <span class='ocrx_word' id='word_1_10' title='bbox 541 545 633 594; x_wconf 89' lang='lat' dir='ltr'>suum</span> <span class='ocrx_word' id='word_1_11' title='bbox 656 547 853 611; x_wconf 88' lang='lat' dir='ltr'>nequaquam</span> <span class='ocrx_word' id='word_1_12' title='bbox 868 530 988 594; x_wconf 87' lang='lat' dir='ltr'>sederet</span> <span class='ocrx_word' id='word_1_13' title='bbox 1004 529 1151 596; x_wconf 82' lang='lat' dir='ltr'><strong>thronum</strong></span> <span class='ocrx_word' id='word_1_14' title='bbox 1166 547 1263 613; x_wconf 91' lang='lat' dir='ltr'>nequo</span> 
     </span>
     <span class='ocr_line' id='line_1_3' title="bbox 141 630 1264 716; baseline 0 -19"><span class='ocrx_word' id='word_1_15' title='bbox 141 630 192 698; x_wconf 91' lang='lat' dir='ltr'>dei</span> <span class='ocrx_word' id='word_1_16' title='bbox 220 633 333 716; x_wconf 91' lang='lat' dir='ltr'>populo</span> <span class='ocrx_word' id='word_1_17' title='bbox 362 632 491 698; x_wconf 89' lang='lat' dir='ltr'>uerbum</span> <span class='ocrx_word' id='word_1_18' title='bbox 525 631 642 698; x_wconf 86' lang='lat' dir='ltr'>faceret</span> <span class='ocrx_word' id='word_1_19' title='bbox 676 636 872 716; x_wconf 82' lang='lat' dir='ltr'>consuctum3</span> <span class='ocrx_word' id='word_1_20' title='bbox 911 632 1022 698; x_wconf 89' lang='lat' dir='ltr'>deinde</span> <span class='ocrx_word' id='word_1_21' title='bbox 1056 651 1264 716; x_wconf 88' lang='lat' dir='ltr'>quoscumque</span> 
     </span>
     <span class='ocr_line' id='line_1_4' title="bbox 140 733 1264 801; baseline 0.001 -1"><span class='ocrx_word' id='word_1_22' title='bbox 140 754 242 800; x_wconf 90' lang='lat' dir='ltr'>mares</span> <span class='ocrx_word' id='word_1_23' title='bbox 270 736 320 800; x_wconf 94' lang='lat' dir='ltr'>uel</span> <span class='ocrx_word' id='word_1_24' title='bbox 349 735 480 800; x_wconf 88' lang='lat' dir='ltr'>feminas</span> <span class='ocrx_word' id='word_1_25' title='bbox 510 735 543 799; x_wconf 91' lang='lat' dir='ltr'>in</span> <span class='ocrx_word' id='word_1_26' title='bbox 571 734 679 801; x_wconf 88' lang='lat' dir='ltr'>babitu</span> <span class='ocrx_word' id='word_1_27' title='bbox 710 734 840 800; x_wconf 90' lang='lat' dir='ltr'>barbaro</span> <span class='ocrx_word' id='word_1_28' title='bbox 870 733 1106 800; x_wconf 84' lang='lat' dir='ltr'>incedentesin</span> <span class='ocrx_word' id='word_1_29' title='bbox 1137 735 1264 801; x_wconf 89' lang='lat' dir='ltr'>ccclesia</span> 
     </span>
     <span class='ocr_line' id='line_1_5' title="bbox 141 831 1264 921; baseline 0 -17"><span class='ocrx_word' id='word_1_30' title='bbox 141 839 343 921; x_wconf 76' lang='lat' dir='ltr'>conspiceret,</span> <span class='ocrx_word' id='word_1_31' title='bbox 377 838 561 921; x_wconf 88' lang='lat' dir='ltr'>prohiberet.</span> <span class='ocrx_word' id='word_1_32' title='bbox 598 837 657 901; x_wconf 92' lang='lat' dir='ltr'>Ille</span> <span class='ocrx_word' id='word_1_33' title='bbox 680 835 839 918; x_wconf 88' lang='lat' dir='ltr'>respondit</span> <span class='ocrx_word' id='word_1_34' title='bbox 860 839 896 901; x_wconf 88' lang='lat' dir='ltr'>ut</span> <span class='ocrx_word' id='word_1_35' title='bbox 919 838 1038 902; x_wconf 89' lang='lat' dir='ltr'>decuit:</span> <span class='ocrx_word' id='word_1_36' title='bbox 1072 831 1192 904; x_wconf 88' lang='lat' dir='ltr'>‘domus</span> <span class='ocrx_word' id='word_1_37' title='bbox 1215 839 1264 904; x_wconf 92' lang='lat' dir='ltr'>dei</span> 
     </span>
     <span class='ocr_line' id='line_1_6' title="bbox 118 930 1262 1025; baseline 0.003 -21"><span class='ocrx_word' id='word_1_38' title='bbox 118 944 286 1008; x_wconf 69' lang='lat' dir='ltr'>comnibus</span> <span class='ocrx_word' id='word_1_39' title='bbox 314 942 414 1024; x_wconf 83' lang='lat' dir='ltr'>patet,</span> <span class='ocrx_word' id='word_1_40' title='bbox 454 941 607 1006; x_wconf 75' lang='lat' dir='ltr'>intrantes</span> <span class='ocrx_word' id='word_1_41' title='bbox 637 940 742 1004; x_wconf 89' lang='lat' dir='ltr'>nullus</span> <span class='ocrx_word' id='word_1_42' title='bbox 772 939 887 1022; x_wconf 86' lang='lat' dir='ltr'>poterit</span> <span class='ocrx_word' id='word_1_43' title='bbox 916 930 1092 1025; x_wconf 85' lang='lat' dir='ltr'>repellers’;</span> <span class='ocrx_word' id='word_1_44' title='bbox 1131 942 1262 1007; x_wconf 78' lang='lat' dir='ltr'>maxime</span> 
     </span>
     <span class='ocr_line' id='line_1_7' title="bbox 140 1042 1263 1128; baseline 0.002 -20"><span class='ocrx_word' id='word_1_45' title='bbox 140 1044 216 1126; x_wconf 90' lang='lat' dir='ltr'>quia</span> <span class='ocrx_word' id='word_1_46' title='bbox 237 1047 346 1128; x_wconf 86' lang='lat' dir='ltr'>ingens</span> <span class='ocrx_word' id='word_1_47' title='bbox 369 1045 471 1110; x_wconf 89' lang='lat' dir='ltr'>fuerat</span> <span class='ocrx_word' id='word_1_48' title='bbox 484 1043 654 1108; x_wconf 86' lang='lat' dir='ltr'>multitudo</span> <span class='ocrx_word' id='word_1_49' title='bbox 670 1046 848 1108; x_wconf 89' lang='lat' dir='ltr'>nostrorum</span> <span class='ocrx_word' id='word_1_50' title='bbox 866 1042 1087 1107; x_wconf 88' lang='lat' dir='ltr'>catholicorum</span> <span class='ocrx_word' id='word_1_51' title='bbox 1102 1044 1134 1108; x_wconf 92' lang='lat' dir='ltr'>in</span> <span class='ocrx_word' id='word_1_52' title='bbox 1154 1045 1263 1110; x_wconf 89' lang='lat' dir='ltr'>habitu</span> 
     </span>
     <span class='ocr_line' id='line_1_8' title="bbox 140 1145 1261 1227; baseline 0.001 -16"><span class='ocrx_word' id='word_1_53' title='bbox 140 1148 267 1213; x_wconf 89' lang='lat' dir='ltr'>illorum</span> <span class='ocrx_word' id='word_1_54' title='bbox 295 1147 514 1224; x_wconf 85' lang='lat' dir='ltr'>incedentium,</span> <span class='ocrx_word' id='word_1_55' title='bbox 546 1145 585 1211; x_wconf 91' lang='lat' dir='ltr'>ob</span> <span class='ocrx_word' id='word_1_56' title='bbox 613 1146 670 1210; x_wconf 89' lang='lat' dir='ltr'>hoc</span> <span class='ocrx_word' id='word_1_57' title='bbox 703 1147 783 1227; x_wconf 92' lang='lat' dir='ltr'>quod</span> <span class='ocrx_word' id='word_1_58' title='bbox 812 1146 916 1210; x_wconf 92' lang='lat' dir='ltr'>domui</span> <span class='ocrx_word' id='word_1_59' title='bbox 944 1145 1046 1226; x_wconf 87' lang='lat' dir='ltr'>regiae</span> <span class='ocrx_word' id='word_1_60' title='bbox 1076 1148 1261 1214; x_wconf 85' lang='lat' dir='ltr'>sarciebant.</span> 
     </span>
    </p>

    <p class='ocr_par' dir='ltr' id='par_1_3' title="bbox 102 1247 1312 2361">
     <span class='ocr_line' id='line_1_9' title="bbox 187 1247 1312 1334; baseline 0 -20"><span class='ocrx_word' id='word_1_61' title='bbox 187 1250 243 1332; x_wconf 87' lang='lat' dir='ltr'>(ll,</span> <span class='ocrx_word' id='word_1_62' title='bbox 258 1251 294 1334; x_wconf 88' lang='lat'>4)</span> <span class='ocrx_word' id='word_1_63' title='bbox 318 1251 362 1315; x_wconf 86' lang='lat' dir='ltr'>At</span> <span class='ocrx_word' id='word_1_64' title='bbox 384 1249 437 1315; x_wconf 90' lang='lat' dir='ltr'>ubi</span> <span class='ocrx_word' id='word_1_65' title='bbox 459 1249 497 1314; x_wconf 87' lang='lat' dir='ltr'>ab</span> <span class='ocrx_word' id='word_1_66' title='bbox 521 1248 645 1313; x_wconf 87' lang='lat' dir='ltr'>bomine</span> <span class='ocrx_word' id='word_1_67' title='bbox 660 1247 708 1312; x_wconf 89' lang='lat' dir='ltr'>dei</span> <span class='ocrx_word' id='word_1_68' title='bbox 723 1248 788 1312; x_wconf 88' lang='lat' dir='ltr'>tale</span> <span class='ocrx_word' id='word_1_69' title='bbox 803 1264 982 1329; x_wconf 89' lang='lat' dir='ltr'>responsum</span> <span class='ocrx_word' id='word_1_70' title='bbox 999 1251 1127 1330; x_wconf 88' lang='lat' dir='ltr'>accepit,</span> <span class='ocrx_word' id='word_1_71' title='bbox 1150 1249 1262 1314; x_wconf 89' lang='lat' dir='ltr'>statuit</span> <span class='ocrx_word' id='word_1_72' title='bbox 1295 1257 1312 1314; x_wconf 86' lang='lat'>9</span> 
     </span>
     <span class='ocr_line' id='line_1_10' title="bbox 139 1349 1261 1434; baseline 0.001 -18"><span class='ocrx_word' id='word_1_73' title='bbox 139 1353 173 1416; x_wconf 92' lang='lat' dir='ltr'>in</span> <span class='ocrx_word' id='word_1_74' title='bbox 196 1355 304 1434; x_wconf 89' lang='lat' dir='ltr'>portis.</span> <span class='ocrx_word' id='word_1_75' title='bbox 315 1352 460 1419; x_wconf 85' lang='lat' dir='ltr'>ecclesiae</span> <span class='ocrx_word' id='word_1_76' title='bbox 484 1351 631 1417; x_wconf 90' lang='lat' dir='ltr'>collocari</span> <span class='ocrx_word' id='word_1_77' title='bbox 645 1353 788 1415; x_wconf 87' lang='lat' dir='ltr'>tortores.</span> <span class='ocrx_word' id='word_1_78' title='bbox 812 1349 873 1429; x_wconf 78' lang='lat' dir='ltr'>Qui</span> <span class='ocrx_word' id='word_1_79' title='bbox 887 1349 1030 1414; x_wconf 86' lang='lat' dir='ltr'>uidentes</span> <span class='ocrx_word' id='word_1_80' title='bbox 1047 1352 1195 1416; x_wconf 82' lang='lat' dir='ltr'>feminam</span> <span class='ocrx_word' id='word_1_81' title='bbox 1211 1355 1261 1418; x_wconf 85' lang='lat' dir='ltr'>uel</span> 
     </span>
     <span class='ocr_line' id='line_1_11' title="bbox 104 1451 1259 1538; baseline 0.003 -22"><span class='ocrx_word' id='word_1_82' title='bbox 104 1458 314 1521; x_wconf 76' lang='lat' dir='ltr'>romasculum</span> <span class='ocrx_word' id='word_1_83' title='bbox 337 1457 370 1521; x_wconf 93' lang='lat' dir='ltr'>in</span> <span class='ocrx_word' id='word_1_84' title='bbox 392 1455 494 1538; x_wconf 89' lang='lat' dir='ltr'>specie</span> <span class='ocrx_word' id='word_1_85' title='bbox 516 1472 590 1519; x_wconf 90' lang='lat' dir='ltr'>suae</span> <span class='ocrx_word' id='word_1_86' title='bbox 611 1452 713 1537; x_wconf 86' lang='lat' dir='ltr'>gentis</span> <span class='ocrx_word' id='word_1_87' title='bbox 737 1451 940 1536; x_wconf 87' lang='lat' dir='ltr'>ambulantes,</span> <span class='ocrx_word' id='word_1_88' title='bbox 963 1453 1036 1518; x_wconf 90' lang='lat' dir='ltr'>ilico</span> <span class='ocrx_word' id='word_1_89' title='bbox 1058 1455 1136 1535; x_wconf 93' lang='lat' dir='ltr'>palis</span> <span class='ocrx_word' id='word_1_90' title='bbox 1159 1453 1259 1519; x_wconf 90' lang='lat' dir='ltr'>mino·</span> 
     </span>
     <span class='ocr_line' id='line_1_12' title="bbox 138 1558 1260 1641; baseline -0.001 -18"><span class='ocrx_word' id='word_1_91' title='bbox 138 1558 224 1623; x_wconf 89' lang='lat' dir='ltr'>ribus</span> <span class='ocrx_word' id='word_1_92' title='bbox 248 1559 383 1624; x_wconf 85' lang='lat' dir='ltr'>dentatis</span> <span class='ocrx_word' id='word_1_93' title='bbox 406 1559 493 1624; x_wconf 87' lang='lat' dir='ltr'>ieelis</span> <span class='ocrx_word' id='word_1_94' title='bbox 515 1559 548 1623; x_wconf 93' lang='lat' dir='ltr'>in</span> <span class='ocrx_word' id='word_1_95' title='bbox 571 1558 671 1640; x_wconf 90' lang='lat' dir='ltr'>capite</span> <span class='ocrx_word' id='word_1_96' title='bbox 694 1558 891 1640; x_wconf 79' lang='lat' dir='ltr'>crinibusque</span> <span class='ocrx_word' id='word_1_97' title='bbox 912 1558 946 1621; x_wconf 92' lang='lat' dir='ltr'>in</span> <span class='ocrx_word' id='word_1_98' title='bbox 967 1561 1082 1623; x_wconf 88' lang='lat' dir='ltr'>eisdem</span> <span class='ocrx_word' id='word_1_99' title='bbox 1099 1559 1260 1641; x_wconf 74' lang='lat' dir='ltr'>conligatis</span> 
     </span>
     <span class='ocr_line' id='line_1_13' title="bbox 137 1659 1261 1744; baseline 0 -20"><span class='ocrx_word' id='word_1_100' title='bbox 137 1678 174 1726; x_wconf 87' lang='lat' dir='ltr'>ac</span> <span class='ocrx_word' id='word_1_101' title='bbox 202 1659 415 1727; x_wconf 88' lang='lat' dir='ltr'>uehementius</span> <span class='ocrx_word' id='word_1_102' title='bbox 443 1661 632 1744; x_wconf 86' lang='lat' dir='ltr'>stringentes</span> <span class='ocrx_word' id='word_1_103' title='bbox 660 1662 755 1727; x_wconf 91' lang='lat' dir='ltr'>simul</span> <span class='ocrx_word' id='word_1_104' title='bbox 783 1680 855 1726; x_wconf 91' lang='lat' dir='ltr'>cum</span> <span class='ocrx_word' id='word_1_105' title='bbox 878 1660 1001 1743; x_wconf 77' lang='lat' dir='ltr'>capillis</span> <span class='ocrx_word' id='word_1_106' title='bbox 1024 1679 1146 1726; x_wconf 90' lang='lat' dir='ltr'>omnem</span> <span class='ocrx_word' id='word_1_107' title='bbox 1168 1661 1261 1744; x_wconf 89' lang='lat' dir='ltr'>pelli-</span> 
     </span>
     <span class='ocr_line' id='line_1_14' title="bbox 139 1764 1259 1846; baseline -0.001 -17"><span class='ocrx_word' id='word_1_108' title='bbox 139 1765 244 1829; x_wconf 81' lang='lat' dir='ltr'>culam</span> <span class='ocrx_word' id='word_1_109' title='bbox 272 1765 383 1846; x_wconf 88' lang='lat' dir='ltr'>eapitis</span> <span class='ocrx_word' id='word_1_110' title='bbox 413 1765 603 1832; x_wconf 82' lang='lat' dir='ltr'>auferebant.</span> <span class='ocrx_word' id='word_1_111' title='bbox 640 1764 792 1830; x_wconf 86' lang='lat' dir='ltr'>Nonnulli</span> <span class='ocrx_word' id='word_1_112' title='bbox 821 1765 896 1828; x_wconf 90' lang='lat' dir='ltr'>dum</span> <span class='ocrx_word' id='word_1_113' title='bbox 918 1764 1006 1828; x_wconf 88' lang='lat' dir='ltr'>ficret</span> <span class='ocrx_word' id='word_1_114' title='bbox 1024 1764 1133 1829; x_wconf 85' lang='lat' dir='ltr'>statim</span> <span class='ocrx_word' id='word_1_115' title='bbox 1156 1764 1259 1829; x_wconf 90' lang='lat' dir='ltr'>oculos</span> 
     </span>
     <span class='ocr_line' id='line_1_15' title="bbox 138 1865 1261 1952; baseline -0.003 -20"><span class='ocrx_word' id='word_1_116' title='bbox 138 1865 322 1944; x_wconf 83' lang='lat' dir='ltr'>amiserunt,</span> <span class='ocrx_word' id='word_1_117' title='bbox 352 1867 407 1932; x_wconf 89' lang='lat' dir='ltr'>alii</span> <span class='ocrx_word' id='word_1_118' title='bbox 429 1869 495 1952; x_wconf 91' lang='lat' dir='ltr'>ipso</span> <span class='ocrx_word' id='word_1_119' title='bbox 518 1869 621 1933; x_wconf 91' lang='lat' dir='ltr'>dolore</span> <span class='ocrx_word' id='word_1_120' title='bbox 644 1868 790 1934; x_wconf 88' lang='lat' dir='ltr'>defuncti.</span> <span class='ocrx_word' id='word_1_121' title='bbox 824 1867 971 1932; x_wconf 89' lang='lat' dir='ltr'>Mulieres</span> <span class='ocrx_word' id='word_1_122' title='bbox 993 1884 1067 1931; x_wconf 88' lang='lat' dir='ltr'>uero</span> <span class='ocrx_word' id='word_1_123' title='bbox 1090 1867 1261 1950; x_wconf 90' lang='lat' dir='ltr'>posthanc</span> 
     </span>
     <span class='ocr_line' id='line_1_16' title="bbox 102 1968 1258 2054; baseline 0 -24"><span class='ocrx_word' id='word_1_124' title='bbox 102 1984 128 2032; x_wconf 77' lang='grc' dir='ltr'>ιι</span> <span class='ocrx_word' id='word_1_125' title='bbox 137 1986 271 2051; x_wconf 91' lang='lat' dir='ltr'>poenam</span> <span class='ocrx_word' id='word_1_126' title='bbox 296 1970 447 2053; x_wconf 78' lang='lat' dir='ltr'>capitibus</span> <span class='ocrx_word' id='word_1_127' title='bbox 469 1971 550 2054; x_wconf 89' lang='lat' dir='ltr'>pelle</span> <span class='ocrx_word' id='word_1_128' title='bbox 573 1971 699 2036; x_wconf 89' lang='lat' dir='ltr'>nudatis</span> <span class='ocrx_word' id='word_1_129' title='bbox 720 1989 868 2053; x_wconf 85' lang='lat' dir='ltr'>praecone</span> <span class='ocrx_word' id='word_1_130' title='bbox 890 1972 1057 2051; x_wconf 88' lang='lat' dir='ltr'>praeeunte</span> <span class='ocrx_word' id='word_1_131' title='bbox 1072 1988 1126 2050; x_wconf 92' lang='lat' dir='ltr'>per</span> <span class='ocrx_word' id='word_1_132' title='bbox 1139 1968 1258 2051; x_wconf 83' lang='lat' dir='ltr'>plateas</span> 
     </span>
     <span class='ocr_line' id='line_1_17' title="bbox 138 2070 1258 2153; baseline -0.003 -17"><span class='ocrx_word' id='word_1_133' title='bbox 138 2073 178 2136; x_wconf 90' lang='lat' dir='ltr'>ad</span> <span class='ocrx_word' id='word_1_134' title='bbox 207 2072 411 2138; x_wconf 85' lang='lat' dir='ltr'>ostenrionem</span> <span class='ocrx_word' id='word_1_135' title='bbox 440 2075 536 2138; x_wconf 89' lang='lat' dir='ltr'>totius</span> <span class='ocrx_word' id='word_1_136' title='bbox 560 2073 700 2138; x_wconf 80' lang='lat' dir='ltr'>ciuitatis</span> <span class='ocrx_word' id='word_1_137' title='bbox 721 2071 923 2136; x_wconf 75' lang='lat' dir='ltr'>ducebantur.</span> <span class='ocrx_word' id='word_1_138' title='bbox 963 2070 1050 2151; x_wconf 82' lang='lat' dir='ltr'>Quod</span> <span class='ocrx_word' id='word_1_139' title='bbox 1073 2070 1135 2134; x_wconf 90' lang='lat' dir='ltr'>sibi</span> <span class='ocrx_word' id='word_1_140' title='bbox 1157 2071 1258 2153; x_wconf 89' lang='lat' dir='ltr'>magis</span> 
     </span>
     <span class='ocr_line' id='line_1_18' title="bbox 136 2172 1259 2258; baseline -0.004 -18"><span class='ocrx_word' id='word_1_141' title='bbox 136 2190 214 2257; x_wconf 87' lang='lat' dir='ltr'>quae</span> <span class='ocrx_word' id='word_1_142' title='bbox 236 2175 436 2258; x_wconf 88' lang='lat' dir='ltr'>patiebantur</span> <span class='ocrx_word' id='word_1_143' title='bbox 457 2176 580 2241; x_wconf 87' lang='lat' dir='ltr'>luorum</span> <span class='ocrx_word' id='word_1_144' title='bbox 602 2175 772 2239; x_wconf 84' lang='lat' dir='ltr'>maximum</span> <span class='ocrx_word' id='word_1_145' title='bbox 795 2174 1014 2254; x_wconf 86' lang='lat' dir='ltr'>conputabant.</span> <span class='ocrx_word' id='word_1_146' title='bbox 1043 2172 1181 2253; x_wconf 82' lang='lat' dir='ltr'>Quorum</span> <span class='ocrx_word' id='word_1_147' title='bbox 1203 2189 1259 2236; x_wconf 92' lang='lat' dir='ltr'>nos</span> 
     </span>
     <span class='ocr_line' id='line_1_19' title="bbox 135 2275 1258 2361; baseline -0.004 -19"><span class='ocrx_word' id='word_1_148' title='bbox 135 2278 289 2361; x_wconf 89' lang='lat' dir='ltr'>plurimos</span> <span class='ocrx_word' id='word_1_149' title='bbox 304 2279 458 2360; x_wconf 87' lang='lat' dir='ltr'>nouimus,</span> <span class='ocrx_word' id='word_1_150' title='bbox 482 2296 538 2343; x_wconf 88' lang='lat' dir='ltr'>nec</span> <span class='ocrx_word' id='word_1_151' title='bbox 554 2279 671 2343; x_wconf 84' lang='lat' dir='ltr'>scimus</span> <span class='ocrx_word' id='word_1_152' title='bbox 687 2295 792 2342; x_wconf 90' lang='lat' dir='ltr'>sorum</span> <span class='ocrx_word' id='word_1_153' title='bbox 806 2275 942 2359; x_wconf 90' lang='lat' dir='ltr'>aliquem</span> <span class='ocrx_word' id='word_1_154' title='bbox 957 2279 1031 2340; x_wconf 90' lang='lat' dir='ltr'>tunc</span> <span class='ocrx_word' id='word_1_155' title='bbox 1046 2277 1141 2341; x_wconf 89' lang='lat' dir='ltr'>ctiam</span> <span class='ocrx_word' id='word_1_156' title='bbox 1152 2275 1258 2357; x_wconf 90' lang='lat' dir='ltr'>poenis</span> 
     </span>
    </p>

    <p class='ocr_par' dir='ltr' id='par_1_4' title="bbox 101 2377 1319 3084">
     <span class='ocr_line' id='line_1_20' title="bbox 135 2377 1319 2464; baseline -0.003 -18"><span class='ocrx_word' id='word_1_157' title='bbox 135 2381 342 2464; x_wconf 86' lang='lat' dir='ltr'>urguentibus</span> <span class='ocrx_word' id='word_1_158' title='bbox 372 2401 390 2447; x_wconf 90' lang='lat' dir='ltr'>a</span> <span class='ocrx_word' id='word_1_159' title='bbox 412 2384 497 2448; x_wconf 86' lang='lat' dir='ltr'>recto</span> <span class='ocrx_word' id='word_1_160' title='bbox 519 2384 630 2448; x_wconf 88' lang='lat' dir='ltr'>itinero</span> <span class='ocrx_word' id='word_1_161' title='bbox 652 2382 817 2448; x_wconf 82' lang='lat' dir='ltr'>destitisse.</span> <span class='ocrx_word' id='word_1_162' title='bbox 850 2383 894 2445; x_wconf 85' lang='lat' dir='ltr'>At</span> <span class='ocrx_word' id='word_1_163' title='bbox 916 2380 969 2445; x_wconf 94' lang='lat' dir='ltr'>ubi</span> <span class='ocrx_word' id='word_1_164' title='bbox 991 2380 1051 2444; x_wconf 91' lang='lat' dir='ltr'>isto</span> <span class='ocrx_word' id='word_1_165' title='bbox 1074 2379 1164 2443; x_wconf 91' lang='lat' dir='ltr'>modo</span> <span class='ocrx_word' id='word_1_166' title='bbox 1187 2377 1259 2442; x_wconf 91' lang='lat' dir='ltr'>fidoi</span> <span class='ocrx_word' id='word_1_167' title='bbox 1271 2377 1319 2443; x_wconf 86' lang='lat'>10·</span> 
     </span>
     <span class='ocr_line' id='line_1_21' title="bbox 101 2480 1259 2566; baseline -0.005 -17"><span class='ocrx_word' id='word_1_168' title='bbox 101 2484 304 2562; x_wconf 75' lang='lat' dir='ltr'>aoinfnngere</span> <span class='ocrx_word' id='word_1_169' title='bbox 338 2502 398 2550; x_wconf 94' lang='lat' dir='ltr'>non</span> <span class='ocrx_word' id='word_1_170' title='bbox 431 2486 533 2550; x_wconf 89' lang='lat' dir='ltr'>ualuit</span> <span class='ocrx_word' id='word_1_171' title='bbox 566 2503 699 2562; x_wconf 87' lang='lat' dir='ltr'>murum,</span> <span class='ocrx_word' id='word_1_172' title='bbox 734 2486 852 2566; x_wconf 88' lang='lat' dir='ltr'>cogitat</span> <span class='ocrx_word' id='word_1_173' title='bbox 885 2487 920 2547; x_wconf 87' lang='lat' dir='ltr'>ut</span> <span class='ocrx_word' id='word_1_174' title='bbox 949 2483 1071 2548; x_wconf 87' lang='lat' dir='ltr'>nostrae</span> <span class='ocrx_word' id='word_1_175' title='bbox 1100 2480 1259 2564; x_wconf 84' lang='lat' dir='ltr'>religionis</span> 
     </span>
     <span class='ocr_line' id='line_1_22' title="bbox 134 2583 1259 2668; baseline -0.004 -18"><span class='ocrx_word' id='word_1_176' title='bbox 134 2586 274 2651; x_wconf 90' lang='lat' dir='ltr'>homines</span> <span class='ocrx_word' id='word_1_177' title='bbox 296 2586 328 2650; x_wconf 90' lang='lat' dir='ltr'>in</span> <span class='ocrx_word' id='word_1_178' title='bbox 352 2588 423 2651; x_wconf 88' lang='lat' dir='ltr'>aula</span> <span class='ocrx_word' id='word_1_179' title='bbox 445 2587 510 2652; x_wconf 90' lang='lat' dir='ltr'>eius</span> <span class='ocrx_word' id='word_1_180' title='bbox 534 2587 694 2652; x_wconf 86' lang='lat' dir='ltr'>constituti</span> <span class='ocrx_word' id='word_1_181' title='bbox 712 2605 811 2668; x_wconf 89' lang='lat' dir='ltr'>neque</span> <span class='ocrx_word' id='word_1_182' title='bbox 832 2601 969 2650; x_wconf 89' lang='lat' dir='ltr'>annonas</span> <span class='ocrx_word' id='word_1_183' title='bbox 992 2603 1089 2667; x_wconf 87' lang='lat' dir='ltr'>neque</span> <span class='ocrx_word' id='word_1_184' title='bbox 1104 2583 1259 2666; x_wconf 88' lang='lat' dir='ltr'>stipendia</span> 
     </span>
     <span class='ocr_line' id='line_1_23' title="bbox 135 2688 1257 2773; baseline -0.003 -21"><span class='ocrx_word' id='word_1_185' title='bbox 135 2689 227 2754; x_wconf 88' lang='lat' dir='ltr'>solita</span> <span class='ocrx_word' id='word_1_186' title='bbox 255 2689 437 2772; x_wconf 88' lang='lat' dir='ltr'>potirentur.</span> <span class='ocrx_word' id='word_1_187' title='bbox 476 2688 608 2757; x_wconf 81' lang='lat' dir='ltr'>Addidit</span> <span class='ocrx_word' id='word_1_188' title='bbox 637 2707 755 2773; x_wconf 90' lang='lat' dir='ltr'>quoque</span> <span class='ocrx_word' id='word_1_189' title='bbox 785 2691 816 2754; x_wconf 89' lang='lat' dir='ltr'>et</span> <span class='ocrx_word' id='word_1_190' title='bbox 843 2688 999 2754; x_wconf 85' lang='lat' dir='ltr'>laboribus</span> <span class='ocrx_word' id='word_1_191' title='bbox 1026 2705 1076 2753; x_wconf 91' lang='lat' dir='ltr'>eos</span> <span class='ocrx_word' id='word_1_192' title='bbox 1100 2688 1257 2753; x_wconf 89' lang='lat' dir='ltr'>conterere</span> 
     </span>
     <span class='ocr_line' id='line_1_24' title="bbox 133 2789 1256 2877; baseline -0.003 -21"><span class='ocrx_word' id='word_1_193' title='bbox 133 2792 308 2856; x_wconf 87' lang='lat' dir='ltr'>rusticanis.</span> <span class='ocrx_word' id='word_1_194' title='bbox 347 2793 464 2876; x_wconf 86' lang='lat' dir='ltr'>Dirigit</span> <span class='ocrx_word' id='word_1_195' title='bbox 498 2793 584 2859; x_wconf 85' lang='lat' dir='ltr'>uiros</span> <span class='ocrx_word' id='word_1_196' title='bbox 612 2795 762 2877; x_wconf 85' lang='lat' dir='ltr'>ingenuos</span> <span class='ocrx_word' id='word_1_197' title='bbox 792 2794 822 2856; x_wconf 91' lang='lat' dir='ltr'>et</span> <span class='ocrx_word' id='word_1_198' title='bbox 850 2791 1017 2856; x_wconf 86' lang='lat' dir='ltr'>admodum</span> <span class='ocrx_word' id='word_1_199' title='bbox 1046 2791 1195 2856; x_wconf 89' lang='lat' dir='ltr'>delicatos</span> <span class='ocrx_word' id='word_1_200' title='bbox 1217 2789 1256 2854; x_wconf 89' lang='lat' dir='ltr'>ad</span> 
     </span>
     <span class='ocr_line' id='line_1_25' title="bbox 133 2891 1256 2977; baseline -0.003 -19"><span class='ocrx_word' id='word_1_201' title='bbox 133 2911 279 2975; x_wconf 89' lang='lat' dir='ltr'>campum</span> <span class='ocrx_word' id='word_1_202' title='bbox 308 2895 502 2977; x_wconf 89' lang='lat' dir='ltr'>Uticensem,</span> <span class='ocrx_word' id='word_1_203' title='bbox 538 2901 574 2961; x_wconf 89' lang='lat' dir='ltr'>ut</span> <span class='ocrx_word' id='word_1_204' title='bbox 602 2898 659 2963; x_wconf 92' lang='lat' dir='ltr'>sub</span> <span class='ocrx_word' id='word_1_205' title='bbox 687 2897 824 2962; x_wconf 82' lang='lat' dir='ltr'>ardentis</span> <span class='ocrx_word' id='word_1_206' title='bbox 852 2895 927 2959; x_wconf 91' lang='lat' dir='ltr'>solis</span> <span class='ocrx_word' id='word_1_207' title='bbox 955 2893 1098 2957; x_wconf 90' lang='lat' dir='ltr'>incendio</span> <span class='ocrx_word' id='word_1_208' title='bbox 1127 2891 1256 2974; x_wconf 88' lang='lat' dir='ltr'>cespites</span> 
     </span>
     <span class='ocr_line' id='line_1_26' title="bbox 101 2993 1256 3084; baseline 0.002 -30"><span class='ocrx_word' id='word_1_209' title='bbox 101 2996 282 3062; x_wconf 82' lang='lat' dir='ltr'>amessiam</span> <span class='ocrx_word' id='word_1_210' title='bbox 320 2999 517 3084; x_wconf 85' lang='lat' dir='ltr'>desecarent3</span> <span class='ocrx_word' id='word_1_211' title='bbox 551 3000 607 3065; x_wconf 88' lang='lat' dir='ltr'>ubi</span> <span class='ocrx_word' id='word_1_212' title='bbox 643 3018 748 3065; x_wconf 91' lang='lat' dir='ltr'>omnes</span> <span class='ocrx_word' id='word_1_213' title='bbox 783 3017 854 3063; x_wconf 90' lang='lat' dir='ltr'>cum</span> <span class='ocrx_word' id='word_1_214' title='bbox 889 2997 1002 3081; x_wconf 90' lang='lat' dir='ltr'>gaudio</span> <span class='ocrx_word' id='word_1_215' title='bbox 1031 2997 1194 3079; x_wconf 88' lang='lat' dir='ltr'>pergentes</span> <span class='ocrx_word' id='word_1_216' title='bbox 1223 2993 1256 3057; x_wconf 95' lang='lat' dir='ltr'>in</span> 
     </span>
    </p>

    <p class='ocr_par' dir='ltr' id='par_1_5' title="bbox 132 3095 1306 3392">
     <span class='ocr_line' id='line_1_27' title="bbox 132 3095 1306 3185; baseline -0.003 -22"><span class='ocrx_word' id='word_1_217' title='bbox 132 3099 258 3165; x_wconf 90' lang='lat' dir='ltr'>domino</span> <span class='ocrx_word' id='word_1_218' title='bbox 273 3101 483 3168; x_wconf 86' lang='lat' dir='ltr'>laetabantur.</span> <span class='ocrx_word' id='word_1_219' title='bbox 500 3103 538 3167; x_wconf 93' lang='lat' dir='ltr'>ln</span> <span class='ocrx_word' id='word_1_220' title='bbox 554 3122 684 3185; x_wconf 89' lang='lat' dir='ltr'>quorum</span> <span class='ocrx_word' id='word_1_221' title='bbox 700 3101 901 3167; x_wconf 88' lang='lat' dir='ltr'>contubernio</span> <span class='ocrx_word' id='word_1_222' title='bbox 917 3099 1044 3182; x_wconf 90' lang='lat' dir='ltr'>quidam</span> <span class='ocrx_word' id='word_1_223' title='bbox 1060 3097 1121 3161; x_wconf 85' lang='lat' dir='ltr'>luit</span> <span class='ocrx_word' id='word_1_224' title='bbox 1136 3096 1256 3161; x_wconf 89' lang='lat' dir='ltr'>aridam</span> <span class='ocrx_word' id='word_1_225' title='bbox 1268 3095 1306 3159; x_wconf 91' lang='lat'>11</span> 
     </span>
     <span class='ocr_line' id='line_1_28' title="bbox 132 3198 1256 3290; baseline -0.004 -24"><span class='ocrx_word' id='word_1_226' title='bbox 132 3202 248 3267; x_wconf 85' lang='lat' dir='ltr'>babone</span> <span class='ocrx_word' id='word_1_227' title='bbox 282 3221 419 3290; x_wconf 88' lang='lat' dir='ltr'>manum,</span> <span class='ocrx_word' id='word_1_228' title='bbox 453 3224 531 3288; x_wconf 90' lang='lat' dir='ltr'>quae</span> <span class='ocrx_word' id='word_1_229' title='bbox 563 3225 617 3289; x_wconf 90' lang='lat' dir='ltr'>per</span> <span class='ocrx_word' id='word_1_230' title='bbox 650 3222 746 3270; x_wconf 91' lang='lat' dir='ltr'>annos</span> <span class='ocrx_word' id='word_1_231' title='bbox 781 3221 874 3284; x_wconf 89' lang='lat' dir='ltr'>quam</span> <span class='ocrx_word' id='word_1_232' title='bbox 902 3202 1053 3283; x_wconf 92' lang='lat' dir='ltr'>plurimos</span> <span class='ocrx_word' id='word_1_233' title='bbox 1084 3200 1206 3264; x_wconf 89' lang='lat' dir='ltr'>nullum</span> <span class='ocrx_word' id='word_1_234' title='bbox 1228 3198 1256 3262; x_wconf 90' lang='lat' dir='ltr'>ei</span> 
     </span>
     <span class='ocr_line' id='line_1_29' title="bbox 132 3300 1256 3392; baseline -0.005 -22"><span class='ocrx_word' id='word_1_235' title='bbox 132 3309 331 3388; x_wconf 89' lang='lat' dir='ltr'>praestiterat</span> <span class='ocrx_word' id='word_1_236' title='bbox 354 3308 546 3392; x_wconf 90' lang='lat' dir='ltr'>obsequium.</span> <span class='ocrx_word' id='word_1_237' title='bbox 570 3308 630 3389; x_wconf 80' lang='lat' dir='ltr'>Qui</span> <span class='ocrx_word' id='word_1_238' title='bbox 653 3326 725 3372; x_wconf 93' lang='lat' dir='ltr'>cum</span> <span class='ocrx_word' id='word_1_239' title='bbox 748 3305 903 3371; x_wconf 88' lang='lat' dir='ltr'>ueraciter</span> <span class='ocrx_word' id='word_1_240' title='bbox 918 3304 1077 3369; x_wconf 82' lang='lat' dir='ltr'>excusaret</span> <span class='ocrx_word' id='word_1_241' title='bbox 1091 3320 1121 3366; x_wconf 91' lang='lat' dir='ltr'>se</span> <span class='ocrx_word' id='word_1_242' title='bbox 1137 3300 1256 3384; x_wconf 89' lang='lat' dir='ltr'>operari</span> 
     </span>
    </p>
   </div>
   <div class='ocr_carea' id='block_1_3' title="bbox 127 3488 1256 4319">
    <p class='ocr_par' dir='ltr' id='par_1_6' title="bbox 127 3488 1256 4319">
     <span class='ocr_line' id='line_1_30' title="bbox 183 3488 1254 3566; baseline -0.005 -20"><span class='ocrx_word' id='word_1_243' title='bbox 183 3494 198 3546; x_wconf 95' lang='lat' dir='ltr'>l</span> <span class='ocrx_word' id='word_1_244' title='bbox 226 3495 383 3563; x_wconf 86' lang='lat' dir='ltr'>suggerunt]</span> <span class='ocrx_word' id='word_1_245' title='bbox 412 3497 561 3566; x_wconf 88' lang='lat' dir='ltr'>suggerunt</span> <span class='ocrx_word' id='word_1_246' title='bbox 585 3494 643 3563; x_wconf 88' lang='lat' dir='ltr'>regi</span> <span class='ocrx_word' id='word_1_247' title='bbox 670 3495 710 3561; x_wconf 84' lang='grc' dir='ltr'>αβ</span> <span class='ocrx_word' id='word_1_248' title='bbox 812 3491 829 3544; x_wconf 82' lang='lat'>2</span> <span class='ocrx_word' id='word_1_249' title='bbox 858 3490 902 3544; x_wconf 89' lang='lat' dir='ltr'>dci</span> <span class='ocrx_word' id='word_1_250' title='bbox 926 3490 1032 3560; x_wconf 89' lang='lat' dir='ltr'>populo]</span> <span class='ocrx_word' id='word_1_251' title='bbox 1060 3489 1094 3542; x_wconf 87' lang='lat' dir='ltr'>ad</span> <span class='ocrx_word' id='word_1_252' title='bbox 1112 3488 1155 3543; x_wconf 87' lang='lat' dir='ltr'>dai</span> <span class='ocrx_word' id='word_1_253' title='bbox 1172 3503 1254 3557; x_wconf 88' lang='lat' dir='ltr'>popu·</span> 
     </span>
     <span class='ocr_line' id='line_1_31' title="bbox 129 3573 1256 3651; baseline -0.006 -18"><span class='ocrx_word' id='word_1_254' title='bbox 129 3579 223 3650; x_wconf 68' lang='lat' dir='ltr'>lump</span> <span class='ocrx_word' id='word_1_255' title='bbox 326 3582 525 3651; x_wconf 73' lang='lat' dir='ltr'>quocumqucd</span> <span class='ocrx_word' id='word_1_256' title='bbox 626 3578 836 3634; x_wconf 80' lang='lat' dir='ltr'>dinoendentos</span> <span class='ocrx_word' id='word_1_257' title='bbox 863 3577 899 3632; x_wconf 86' lang='lat' dir='ltr'>V¹</span> <span class='ocrx_word' id='word_1_258' title='bbox 1002 3576 1031 3629; x_wconf 92' lang='lat' dir='ltr'>in</span> <span class='ocrx_word' id='word_1_259' title='bbox 1059 3575 1167 3630; x_wconf 76' lang='lat' dir='ltr'>ecclesia</span> <span class='ocrx_word' id='word_1_260' title='bbox 1194 3573 1256 3628; x_wconf 67' lang='grc' dir='ltr'>ΨΟ</span> 
     </span>
     <span class='ocr_line' id='line_1_32' title="bbox 129 3660 1255 3734; baseline -0.005 -16"><span class='ocrx_word' id='word_1_261' title='bbox 129 3665 230 3719; x_wconf 84' lang='lat' dir='ltr'>intrare</span> <span class='ocrx_word' id='word_1_262' title='bbox 248 3665 386 3720; x_wconf 87' lang='lat' dir='ltr'>ecclesiam</span> <span class='ocrx_word' id='word_1_263' title='bbox 404 3667 441 3721; x_wconf 84' lang='grc' dir='ltr'><em>Μ</em></span> <span class='ocrx_word' id='word_1_264' title='bbox 539 3666 722 3734; x_wconf 75' lang='lat' dir='ltr'>dconspicere</span> <span class='ocrx_word' id='word_1_265' title='bbox 740 3663 821 3733; x_wconf 79' lang='grc' dir='ltr'>ΒφΕ</span> <span class='ocrx_word' id='word_1_266' title='bbox 923 3663 1015 3718; x_wconf 87' lang='lat' dir='ltr'>docuit</span> <span class='ocrx_word' id='word_1_267' title='bbox 1034 3662 1061 3716; x_wconf 95' lang='lat' dir='ltr'><strong><em>P</em></strong></span> <span class='ocrx_word' id='word_1_268' title='bbox 1162 3660 1255 3726; x_wconf 77' lang='lat' dir='ltr'>erep-</span> 
     </span>
     <span class='ocr_line' id='line_1_33' title="bbox 129 3744 1256 3821; baseline -0.008 -16"><span class='ocrx_word' id='word_1_269' title='bbox 129 3751 228 3821; x_wconf 90' lang='lat' dir='ltr'>pellere</span> <span class='ocrx_word' id='word_1_270' title='bbox 246 3769 264 3806; x_wconf 86' lang='lat' dir='ltr'>a</span> <span class='ocrx_word' id='word_1_271' title='bbox 366 3753 597 3808; x_wconf 77' lang='lat' dir='ltr'>lincendentium</span> <span class='ocrx_word' id='word_1_272' title='bbox 620 3751 671 3806; x_wconf 78' lang='lat' dir='ltr'>Vc</span> <span class='ocrx_word' id='word_1_273' title='bbox 776 3751 809 3804; x_wconf 91' lang='lat'>10</span> <span class='ocrx_word' id='word_1_274' title='bbox 833 3749 960 3819; x_wconf 84' lang='lat' dir='ltr'>gentesb</span> <span class='ocrx_word' id='word_1_275' title='bbox 1065 3748 1096 3801; x_wconf 88' lang='lat'>11</span> <span class='ocrx_word' id='word_1_276' title='bbox 1122 3744 1203 3799; x_wconf 85' lang='lat' dir='ltr'>rectia</span> <span class='ocrx_word' id='word_1_277' title='bbox 1220 3744 1256 3796; x_wconf 88' lang='lat' dir='ltr'><strong><em>M</em></strong></span> 
     </span>
     <span class='ocr_line' id='line_1_34' title="bbox 128 3830 1254 3905; baseline -0.007 -16"><span class='ocrx_word' id='word_1_278' title='bbox 128 3835 192 3890; x_wconf 86' lang='lat' dir='ltr'>ictis</span> <span class='ocrx_word' id='word_1_279' title='bbox 211 3839 241 3890; x_wconf 84' lang='lat' dir='ltr'>a¹</span> <span class='ocrx_word' id='word_1_280' title='bbox 266 3836 346 3891; x_wconf 87' lang='lat' dir='ltr'>iactis</span> <span class='ocrx_word' id='word_1_281' title='bbox 369 3838 397 3892; x_wconf 83' lang='lat' dir='ltr'><strong><em>L</em></strong></span> <span class='ocrx_word' id='word_1_282' title='bbox 497 3836 705 3905; x_wconf 87' lang='lat' dir='ltr'>criminibusque</span> <span class='ocrx_word' id='word_1_283' title='bbox 726 3835 753 3890; x_wconf 91' lang='lat' dir='ltr'><em>V</em></span> <span class='ocrx_word' id='word_1_284' title='bbox 777 3833 1004 3904; x_wconf 82' lang='lat' dir='ltr'>cremibusqueO</span> <span class='ocrx_word' id='word_1_285' title='bbox 1105 3830 1254 3898; x_wconf 87' lang='lat' dir='ltr'>conlegatis</span> 
     </span>
     <span class='ocr_line' id='line_1_35' title="bbox 132 3914 1254 3991; baseline -0.01 -13"><span class='ocrx_word' id='word_1_286' title='bbox 132 3923 183 3978; x_wconf 80' lang='lat' dir='ltr'>Vc</span> <span class='ocrx_word' id='word_1_287' title='bbox 267 3923 503 3978; x_wconf 70' lang='lat' dir='ltr'>reaccensum</span> <span class='ocrx_word' id='word_1_288' title='bbox 524 3923 722 3978; x_wconf 86' lang='lat' dir='ltr'>auffcrobantb</span> <span class='ocrx_word' id='word_1_289' title='bbox 810 3923 842 3975; x_wconf 80' lang='lat'>15</span> <span class='ocrx_word' id='word_1_290' title='bbox 858 3920 983 3991; x_wconf 86' lang='lat' dir='ltr'>platheas</span> <span class='ocrx_word' id='word_1_291' title='bbox 1006 3920 1037 3972; x_wconf 90' lang='lat' dir='ltr'><em>W</em></span> <span class='ocrx_word' id='word_1_292' title='bbox 1122 3917 1154 3970; x_wconf 89' lang='lat'>18</span> <span class='ocrx_word' id='word_1_293' title='bbox 1172 3914 1254 3968; x_wconf 87' lang='lat' dir='ltr'>nosci·</span> 
     </span>
     <span class='ocr_line' id='line_1_36' title="bbox 128 4001 1254 4078; baseline -0.007 -16"><span class='ocrx_word' id='word_1_294' title='bbox 128 4010 222 4078; x_wconf 76' lang='lat' dir='ltr'>musd</span> <span class='ocrx_word' id='word_1_295' title='bbox 309 4025 400 4063; x_wconf 87' lang='lat' dir='ltr'>eorum</span> <span class='ocrx_word' id='word_1_296' title='bbox 417 4011 482 4064; x_wconf 85' lang='lat' dir='ltr'>tune</span> <span class='ocrx_word' id='word_1_297' title='bbox 500 4009 615 4078; x_wconf 87' lang='lat' dir='ltr'>aliquem</span> <span class='ocrx_word' id='word_1_298' title='bbox 634 4027 653 4062; x_wconf 85' lang='grc' dir='ltr'>α</span> <span class='ocrx_word' id='word_1_299' title='bbox 678 4011 744 4061; x_wconf 88' lang='lat' dir='ltr'>tuno</span> <span class='ocrx_word' id='word_1_300' title='bbox 762 4007 878 4075; x_wconf 87' lang='lat' dir='ltr'>aliquem</span> <span class='ocrx_word' id='word_1_301' title='bbox 897 4021 988 4060; x_wconf 89' lang='lat' dir='ltr'>eorum</span> <span class='ocrx_word' id='word_1_302' title='bbox 1011 4004 1063 4074; x_wconf 74' lang='lat' dir='ltr'>Wd</span> <span class='ocrx_word' id='word_1_303' title='bbox 1153 4001 1186 4056; x_wconf 86' lang='grc'>19</span> <span class='ocrx_word' id='word_1_304' title='bbox 1204 4001 1254 4054; x_wconf 88' lang='lat' dir='ltr'>ite·</span> 
     </span>
     <span class='ocr_line' id='line_1_37' title="bbox 127 4085 1255 4166; baseline -0.007 -19"><span class='ocrx_word' id='word_1_305' title='bbox 127 4094 227 4150; x_wconf 81' lang='lat' dir='ltr'>11ch</span> <span class='ocrx_word' id='word_1_306' title='bbox 324 4095 484 4165; x_wconf 69' lang='lat' dir='ltr'>domorum]</span> <span class='ocrx_word' id='word_1_307' title='bbox 497 4096 612 4166; x_wconf 70' lang='lat' dir='ltr'>nllnmd</span> <span class='ocrx_word' id='word_1_308' title='bbox 704 4094 737 4148; x_wconf 72' lang='lat'>21</span> <span class='ocrx_word' id='word_1_309' title='bbox 752 4093 890 4162; x_wconf 86' lang='lat' dir='ltr'>aulaeius]</span> <span class='ocrx_word' id='word_1_310' title='bbox 904 4091 1000 4146; x_wconf 79' lang='lat' dir='ltr'>eculeis</span> <span class='ocrx_word' id='word_1_311' title='bbox 1013 4107 1032 4145; x_wconf 87' lang='grc' dir='ltr'>α</span> <span class='ocrx_word' id='word_1_312' title='bbox 1121 4085 1255 4158; x_wconf 85' lang='lat' dir='ltr'>stipendio</span> 
     </span>
     <span class='ocr_line' id='line_1_38' title="bbox 128 4176 1189 4251; baseline -0.001 -19"><span class='ocrx_word' id='word_1_313' title='bbox 128 4179 209 4234; x_wconf 88' lang='lat' dir='ltr'>solito</span> <span class='ocrx_word' id='word_1_314' title='bbox 222 4196 240 4232; x_wconf 85' lang='lat' dir='ltr'>a</span> <span class='ocrx_word' id='word_1_315' title='bbox 332 4181 573 4251; x_wconf 69' lang='lat' dir='ltr'>repeterentur·</span> <span class='ocrx_word' id='word_1_316' title='bbox 667 4179 846 4234; x_wconf 70' lang='lat' dir='ltr'>remensium</span> <span class='ocrx_word' id='word_1_317' title='bbox 858 4179 912 4234; x_wconf 85' lang='lat' dir='ltr'>PR</span> <span class='ocrx_word' id='word_1_318' title='bbox 1002 4176 1189 4232; x_wconf 75' lang='lat' dir='ltr'>acariuaBo</span> 
     </span>
     <span class='ocr_line' id='line_1_39' title="bbox 127 4264 318 4319; baseline 0.005 -2"><span class='ocrx_word' id='word_1_319' title='bbox 127 4264 163 4319; x_wconf 81' lang='lat'>28</span> <span class='ocrx_word' id='word_1_320' title='bbox 180 4266 318 4319; x_wconf 88' lang='lat' dir='ltr'>neratcrb</span> 
     </span>
    </p>
   </div>
   <div class='ocr_carea' id='block_1_4' title="bbox 1246 4434 1385 4545">
    <p class='ocr_par' dir='ltr' id='par_1_7' title="bbox 1246 4434 1385 4545">
     <span class='ocr_line' id='line_1_40' title="bbox 1246 4434 1385 4545; baseline 0 0"><span class='ocrx_word' id='word_1_321' title='bbox 1246 4434 1385 4545; x_wconf 62' lang='grc' dir='ltr'><strong><em>Ι</em></strong></span> 
     </span>
    </p>
   </div>
   <div class='ocr_carea' id='block_1_5' title="bbox 0 0 1406 4830">
    <p class='ocr_par' dir='ltr' id='par_1_8' title="bbox 0 0 1406 4830">
     <span class='ocr_line' id='line_1_41' title="bbox 0 0 1406 4830; baseline 0 1"><span class='ocrx_word' id='word_1_322' title='bbox 0 0 1406 4830; x_wconf 95' lang='lat' dir='ltr'> </span> 
     </span>
    </p>
   </div>
  </div>
 </body>
</html>
