<?xml version="1.0" encoding="UTF-8"?>
<!DOCTYPE html PUBLIC "-//W3C//DTD XHTML 1.0 Transitional//EN"
    "http://www.w3.org/TR/xhtml1/DTD/xhtml1-transitional.dtd">
<html xmlns="http://www.w3.org/1999/xhtml" xml:lang="en" lang="en">
 <head>
  <title>
</title>
<meta http-equiv="Content-Type" content="text/html;charset=utf-8" />
  <meta name='ocr-system' content='tesseract 3.04.00' />
  <meta name='ocr-capabilities' content='ocr_page ocr_carea ocr_par ocr_line ocrx_word'/>
</head>
<body>
  <div class='ocr_page' id='page_1' title='image "./victorisepiscop01victgoog_0108.png"; bbox 0 0 2804 4830; ppageno 0'>
   <div class='ocr_carea' id='block_1_1' title="bbox 535 302 1253 371">
    <p class='ocr_par' dir='ltr' id='par_1_1' title="bbox 535 302 1253 371">
     <span class='ocr_line' id='line_1_1' title="bbox 535 302 1253 371; baseline -0.004 -14"><span class='ocrx_word' id='word_1_1' title='bbox 535 303 626 357; x_wconf 90' lang='lat' dir='ltr'>liber</span> <span class='ocrx_word' id='word_1_2' title='bbox 642 303 697 369; x_wconf 89' lang='lat' dir='ltr'>HI,</span> <span class='ocrx_word' id='word_1_3' title='bbox 725 302 834 358; x_wconf 71' lang='lat'>13-17.</span> <span class='ocrx_word' id='word_1_4' title='bbox 1211 305 1253 371; x_wconf 78' lang='grc'>79</span> 
     </span>
    </p>
   </div>
   <div class='ocr_carea' id='block_1_2' title="bbox 68 491 1300 2418">
    <p class='ocr_par' dir='ltr' id='par_1_2' title="bbox 68 491 1300 2418">
     <span class='ocr_line' id='line_1_2' title="bbox 130 491 1252 577; baseline -0.003 -17"><span class='ocrx_word' id='word_1_5' title='bbox 130 512 251 577; x_wconf 85' lang='lat' dir='ltr'>puerum</span> <span class='ocrx_word' id='word_1_6' title='bbox 284 493 349 560; x_wconf 88' lang='lat' dir='ltr'>iarn</span> <span class='ocrx_word' id='word_1_7' title='bbox 382 491 544 574; x_wconf 89' lang='lat' dir='ltr'>ecclesias,</span> <span class='ocrx_word' id='word_1_8' title='bbox 579 491 685 557; x_wconf 90' lang='lat' dir='ltr'>domos</span> <span class='ocrx_word' id='word_1_9' title='bbox 719 492 752 556; x_wconf 92' lang='lat' dir='ltr'>et</span> <span class='ocrx_word' id='word_1_10' title='bbox 782 491 992 559; x_wconf 79' lang='lat' dir='ltr'><strong>substantiam</strong></span> <span class='ocrx_word' id='word_1_11' title='bbox 1026 495 1182 574; x_wconf 77' lang='lat' dir='ltr'>ceperant,</span> <span class='ocrx_word' id='word_1_12' title='bbox 1216 491 1252 557; x_wconf 92' lang='lat' dir='ltr'>in</span> 
     </span>
     <span class='ocr_line' id='line_1_3' title="bbox 124 595 1251 682; baseline -0.002 -21"><span class='ocrx_word' id='word_1_13' title='bbox 124 597 262 682; x_wconf 85' lang='lat' dir='ltr'>hospi-tiis</span> <span class='ocrx_word' id='word_1_14' title='bbox 296 595 410 679; x_wconf 90' lang='lat' dir='ltr'>quibus</span> <span class='ocrx_word' id='word_1_15' title='bbox 432 598 523 661; x_wconf 86' lang='lat' dir='ltr'>erant</span> <span class='ocrx_word' id='word_1_16' title='bbox 546 595 695 677; x_wconf 78' lang='lat' dir='ltr'>expoliari</span> <span class='ocrx_word' id='word_1_17' title='bbox 716 597 748 670; x_wconf 87' lang='lat' dir='ltr'>et</span> <span class='ocrx_word' id='word_1_18' title='bbox 771 595 942 679; x_wconf 75' lang='lat' dir='ltr'>expoliatos</span> <span class='ocrx_word' id='word_1_19' title='bbox 964 596 1038 662; x_wconf 84' lang='lat' dir='ltr'>loris</span> <span class='ocrx_word' id='word_1_20' title='bbox 1067 614 1156 661; x_wconf 89' lang='lat' dir='ltr'>muro</span> <span class='ocrx_word' id='word_1_21' title='bbox 1177 613 1251 679; x_wconf 92' lang='lat' dir='ltr'>pro·</span> 
     </span>
     <span class='ocr_line' id='line_1_4' title="bbox 119 698 1252 784; baseline -0.004 -18"><span class='ocrx_word' id='word_1_22' title='bbox 119 700 202 784; x_wconf 88' lang='lat' dir='ltr'>pelli.</span> <span class='ocrx_word' id='word_1_23' title='bbox 249 698 323 765; x_wconf 86' lang='lat' dir='ltr'>Non</span> <span class='ocrx_word' id='word_1_24' title='bbox 345 699 474 778; x_wconf 89' lang='lat' dir='ltr'>animal,</span> <span class='ocrx_word' id='word_1_25' title='bbox 509 717 572 763; x_wconf 92' lang='lat' dir='ltr'>non</span> <span class='ocrx_word' id='word_1_26' title='bbox 594 717 714 781; x_wconf 90' lang='lat' dir='ltr'>seruus,</span> <span class='ocrx_word' id='word_1_27' title='bbox 751 717 813 764; x_wconf 92' lang='lat' dir='ltr'>non</span> <span class='ocrx_word' id='word_1_28' title='bbox 835 699 988 765; x_wconf 87' lang='lat' dir='ltr'>mutanda</span> <span class='ocrx_word' id='word_1_29' title='bbox 1009 717 1086 782; x_wconf 85' lang='lat' dir='ltr'>quaa</span> <span class='ocrx_word' id='word_1_30' title='bbox 1109 698 1252 764; x_wconf 87' lang='lat' dir='ltr'>ferebant</span> 
     </span>
     <span class='ocr_line' id='line_1_5' title="bbox 117 800 1250 885; baseline -0.003 -16"><span class='ocrx_word' id='word_1_31' title='bbox 117 804 306 868; x_wconf 84' lang='lat' dir='ltr'>uestimenta</span> <span class='ocrx_word' id='word_1_32' title='bbox 339 802 463 885; x_wconf 90' lang='lat' dir='ltr'>penitus</span> <span class='ocrx_word' id='word_1_33' title='bbox 497 801 725 878; x_wconf 88' lang='lat' dir='ltr'>dimittuntur;</span> <span class='ocrx_word' id='word_1_34' title='bbox 763 800 880 866; x_wconf 89' lang='lat' dir='ltr'>addens</span> <span class='ocrx_word' id='word_1_35' title='bbox 917 801 1035 880; x_wconf 91' lang='lat' dir='ltr'>adhuc,</span> <span class='ocrx_word' id='word_1_36' title='bbox 1074 802 1110 866; x_wconf 92' lang='lat' dir='ltr'>ut</span> <span class='ocrx_word' id='word_1_37' title='bbox 1143 801 1250 866; x_wconf 90' lang='lat' dir='ltr'>nullus</span> 
     </span>
     <span class='ocr_line' id='line_1_6' title="bbox 98 904 1249 989; baseline -0.001 -19"><span class='ocrx_word' id='word_1_38' title='bbox 98 907 297 989; x_wconf 79' lang='lat' dir='ltr'>equempiam</span> <span class='ocrx_word' id='word_1_39' title='bbox 331 904 460 969; x_wconf 91' lang='lat' dir='ltr'>illorum</span> <span class='ocrx_word' id='word_1_40' title='bbox 492 904 626 986; x_wconf 90' lang='lat' dir='ltr'>hospitio</span> <span class='ocrx_word' id='word_1_41' title='bbox 660 904 813 987; x_wconf 89' lang='lat' dir='ltr'>reciperet</span> <span class='ocrx_word' id='word_1_42' title='bbox 835 904 1093 971; x_wconf 70' lang='lat' dir='ltr'>ant&#39;alimoniam</span> <span class='ocrx_word' id='word_1_43' title='bbox 1116 904 1249 989; x_wconf 89' lang='lat' dir='ltr'>praesti·</span> 
     </span>
     <span class='ocr_line' id='line_1_7' title="bbox 113 1005 1248 1090; baseline -0.001 -15"><span class='ocrx_word' id='word_1_44' title='bbox 113 1010 242 1087; x_wconf 86' lang='lat' dir='ltr'>tisssnt;</span> <span class='ocrx_word' id='word_1_45' title='bbox 280 1007 335 1090; x_wconf 89' lang='lat' dir='ltr'>qui</span> <span class='ocrx_word' id='word_1_46' title='bbox 357 1010 461 1072; x_wconf 89' lang='lat' dir='ltr'>antem</span> <span class='ocrx_word' id='word_1_47' title='bbox 486 1006 545 1072; x_wconf 89' lang='lat' dir='ltr'>boc</span> <span class='ocrx_word' id='word_1_48' title='bbox 566 1005 776 1072; x_wconf 75' lang='lat' dir='ltr'>miserationis</span> <span class='ocrx_word' id='word_1_49' title='bbox 810 1025 905 1072; x_wconf 85' lang='lat' dir='ltr'>causa</span> <span class='ocrx_word' id='word_1_50' title='bbox 926 1007 1024 1074; x_wconf 88' lang='lat' dir='ltr'>facere</span> <span class='ocrx_word' id='word_1_51' title='bbox 1053 1008 1248 1089; x_wconf 87' lang='lat' dir='ltr'>temptasset,</span> 
     </span>
     <span class='ocr_line' id='line_1_8' title="bbox 113 1110 1300 1194; baseline -0.001 -17"><span class='ocrx_word' id='word_1_52' title='bbox 113 1131 183 1178; x_wconf 92' lang='lat' dir='ltr'>cnm</span> <span class='ocrx_word' id='word_1_53' title='bbox 209 1111 360 1177; x_wconf 89' lang='lat' dir='ltr'>uniuersa</span> <span class='ocrx_word' id='word_1_54' title='bbox 382 1113 473 1177; x_wconf 93' lang='lat' dir='ltr'>domo</span> <span class='ocrx_word' id='word_1_55' title='bbox 495 1127 554 1174; x_wconf 87' lang='lat' dir='ltr'>sua</span> <span class='ocrx_word' id='word_1_56' title='bbox 576 1110 717 1174; x_wconf 92' lang='lat' dir='ltr'>incendio</span> <span class='ocrx_word' id='word_1_57' title='bbox 740 1113 941 1176; x_wconf 82' lang='lat' dir='ltr'>cremaretur.</span> <span class='ocrx_word' id='word_1_58' title='bbox 986 1110 1150 1194; x_wconf 82' lang='lat' dir='ltr'>Sapienter</span> <span class='ocrx_word' id='word_1_59' title='bbox 1171 1112 1249 1177; x_wconf 91' lang='lat' dir='ltr'>tunc</span> <span class='ocrx_word' id='word_1_60' title='bbox 1259 1110 1300 1176; x_wconf 86' lang='lat'>16</span> 
     </span>
     <span class='ocr_line' id='line_1_9' title="bbox 112 1213 1247 1298; baseline -0.003 -16"><span class='ocrx_word' id='word_1_61' title='bbox 112 1219 209 1282; x_wconf 88' lang='lat' dir='ltr'>etiam</span> <span class='ocrx_word' id='word_1_62' title='bbox 231 1215 365 1298; x_wconf 89' lang='lat' dir='ltr'>proiecti</span> <span class='ocrx_word' id='word_1_63' title='bbox 389 1214 526 1297; x_wconf 90' lang='lat' dir='ltr'>episcopi</span> <span class='ocrx_word' id='word_1_64' title='bbox 556 1213 706 1296; x_wconf 78' lang='lat' dir='ltr'>fecerunt,</span> <span class='ocrx_word' id='word_1_65' title='bbox 741 1213 776 1278; x_wconf 91' lang='lat' dir='ltr'>ut</span> <span class='ocrx_word' id='word_1_66' title='bbox 797 1215 870 1280; x_wconf 87' lang='lat' dir='ltr'>licet</span> <span class='ocrx_word' id='word_1_67' title='bbox 893 1213 1103 1280; x_wconf 80' lang='lat' dir='ltr'>mendicantes</span> <span class='ocrx_word' id='word_1_68' title='bbox 1137 1213 1247 1279; x_wconf 85' lang='lat' dir='ltr'>exinde</span> 
     </span>
     <span class='ocr_line' id='line_1_10' title="bbox 68 1316 1247 1405; baseline 0 -22"><span class='ocrx_word' id='word_1_69' title='bbox 68 1370 70 1405; x_wconf 72' lang='lat'>,</span> <span class='ocrx_word' id='word_1_70' title='bbox 112 1337 171 1385; x_wconf 91' lang='lat' dir='ltr'>non</span> <span class='ocrx_word' id='word_1_71' title='bbox 196 1319 340 1402; x_wconf 82' lang='lat' dir='ltr'>abirent3</span> <span class='ocrx_word' id='word_1_72' title='bbox 363 1318 479 1401; x_wconf 84' lang='lat' dir='ltr'>quiesi</span> <span class='ocrx_word' id='word_1_73' title='bbox 501 1316 690 1395; x_wconf 87' lang='lat' dir='ltr'>recederent,</span> <span class='ocrx_word' id='word_1_74' title='bbox 712 1334 776 1381; x_wconf 93' lang='lat' dir='ltr'>non</span> <span class='ocrx_word' id='word_1_75' title='bbox 799 1319 925 1382; x_wconf 89' lang='lat' dir='ltr'>tantum</span> <span class='ocrx_word' id='word_1_76' title='bbox 946 1317 1099 1383; x_wconf 88' lang='lat' dir='ltr'>uiolenter</span> <span class='ocrx_word' id='word_1_77' title='bbox 1122 1318 1247 1383; x_wconf 90' lang='lat' dir='ltr'>omnino</span> 
     </span>
     <span class='ocr_line' id='line_1_11' title="bbox 68 1418 1248 1507; baseline 0.004 -26"><span class='ocrx_word' id='word_1_78' title='bbox 68 1418 348 1497; x_wconf 76' lang='lat' dir='ltr'>lurenoccrentur,</span> <span class='ocrx_word' id='word_1_79' title='bbox 379 1423 411 1485; x_wconf 89' lang='lat' dir='ltr'>et</span> <span class='ocrx_word' id='word_1_80' title='bbox 432 1419 643 1485; x_wconf 88' lang='lat' dir='ltr'>mentirentur</span> <span class='ocrx_word' id='word_1_81' title='bbox 665 1437 727 1495; x_wconf 87' lang='lat' dir='ltr'>eos,</span> <span class='ocrx_word' id='word_1_82' title='bbox 760 1418 843 1485; x_wconf 91' lang='lat' dir='ltr'>sicut</span> <span class='ocrx_word' id='word_1_83' title='bbox 864 1419 990 1487; x_wconf 90' lang='lat' dir='ltr'>mentiti</span> <span class='ocrx_word' id='word_1_84' title='bbox 1012 1423 1096 1500; x_wconf 87' lang='lat' dir='ltr'>sunt,</span> <span class='ocrx_word' id='word_1_85' title='bbox 1131 1421 1248 1507; x_wconf 82' lang='lat' dir='ltr'>fugisse</span> 
     </span>
     <span class='ocr_line' id='line_1_12' title="bbox 68 1522 1247 1608; baseline -0.004 -13"><span class='ocrx_word' id='word_1_86' title='bbox 68 1582 70 1595; x_wconf 93' lang='lat'><em>.</em></span> <span class='ocrx_word' id='word_1_87' title='bbox 112 1524 314 1602; x_wconf 66' lang='lat' dir='ltr'>conflictum</span> <span class='ocrx_word' id='word_1_88' title='bbox 348 1522 484 1590; x_wconf 82' lang='lat' dir='ltr'>maxime</span> <span class='ocrx_word' id='word_1_89' title='bbox 507 1525 589 1606; x_wconf 90' lang='lat' dir='ltr'>quia,</span> <span class='ocrx_word' id='word_1_90' title='bbox 613 1523 669 1588; x_wconf 91' lang='lat' dir='ltr'>nbi</span> <span class='ocrx_word' id='word_1_91' title='bbox 691 1523 930 1606; x_wconf 90' lang='lat' dir='ltr'>reuerterentur,</span> <span class='ocrx_word' id='word_1_92' title='bbox 964 1527 1027 1590; x_wconf 91' lang='lat' dir='ltr'>iam</span> <span class='ocrx_word' id='word_1_93' title='bbox 1050 1543 1247 1608; x_wconf 85' lang='lat' dir='ltr'>nequaquam</span> 
     </span>
     <span class='ocr_line' id='line_1_13' title="bbox 68 1625 1247 1711; baseline 0.001 -18"><span class='ocrx_word' id='word_1_94' title='bbox 68 1634 70 1693; x_wconf 80' lang='grc' dir='ltr'>ἶ</span> <span class='ocrx_word' id='word_1_95' title='bbox 112 1629 224 1706; x_wconf 80' lang='lat' dir='ltr'>inerat,</span> <span class='ocrx_word' id='word_1_96' title='bbox 251 1628 397 1706; x_wconf 85' lang='lat' dir='ltr'>ecclesiis,</span> <span class='ocrx_word' id='word_1_97' title='bbox 421 1626 601 1693; x_wconf 91' lang='lat' dir='ltr'>substantia</span> <span class='ocrx_word' id='word_1_98' title='bbox 622 1625 676 1692; x_wconf 91' lang='lat' dir='ltr'>nel</span> <span class='ocrx_word' id='word_1_99' title='bbox 698 1626 843 1692; x_wconf 91' lang='lat' dir='ltr'>domibus</span> <span class='ocrx_word' id='word_1_100' title='bbox 867 1627 1033 1711; x_wconf 88' lang='lat' dir='ltr'>occupatis.</span> <span class='ocrx_word' id='word_1_101' title='bbox 1066 1629 1151 1694; x_wconf 90' lang='lat' dir='ltr'>Dum</span> <span class='ocrx_word' id='word_1_102' title='bbox 1174 1645 1247 1711; x_wconf 90' lang='lat' dir='ltr'>ergo</span> 
     </span>
     <span class='ocr_line' id='line_1_14' title="bbox 68 1704 1247 1815; baseline 0 -17"><span class='ocrx_word' id='word_1_103' title='bbox 68 1704 71 1805; x_wconf 58' lang='grc' dir='ltr'>ἶ</span> <span class='ocrx_word' id='word_1_104' title='bbox 112 1735 277 1815; x_wconf 83' lang='lat' dir='ltr'>gementes</span> <span class='ocrx_word' id='word_1_105' title='bbox 299 1730 333 1797; x_wconf 95' lang='lat' dir='ltr'>in</span> <span class='ocrx_word' id='word_1_106' title='bbox 356 1729 491 1796; x_wconf 88' lang='lat' dir='ltr'>circuitu</span> <span class='ocrx_word' id='word_1_107' title='bbox 513 1748 675 1796; x_wconf 88' lang='lat' dir='ltr'>murorum</span> <span class='ocrx_word' id='word_1_108' title='bbox 697 1733 779 1796; x_wconf 90' lang='lat' dir='ltr'>nudo</span> <span class='ocrx_word' id='word_1_109' title='bbox 802 1730 858 1795; x_wconf 88' lang='lat' dir='ltr'>sub</span> <span class='ocrx_word' id='word_1_110' title='bbox 877 1735 946 1797; x_wconf 71' lang='lat' dir='ltr'>atre</span> <span class='ocrx_word' id='word_1_111' title='bbox 961 1732 1108 1810; x_wconf 88' lang='lat' dir='ltr'>iacerent,</span> <span class='ocrx_word' id='word_1_112' title='bbox 1127 1731 1247 1798; x_wconf 87' lang='lat' dir='ltr'>facturn</span> 
     </span>
     <span class='ocr_line' id='line_1_15' title="bbox 113 1834 1246 1920; baseline -0.001 -19"><span class='ocrx_word' id='word_1_113' title='bbox 113 1839 156 1901; x_wconf 89' lang='lat' dir='ltr'>est</span> <span class='ocrx_word' id='word_1_114' title='bbox 178 1837 219 1900; x_wconf 89' lang='lat' dir='ltr'>ut</span> <span class='ocrx_word' id='word_1_115' title='bbox 241 1855 297 1901; x_wconf 84' lang='lat' dir='ltr'>rex</span> <span class='ocrx_word' id='word_1_116' title='bbox 318 1834 435 1920; x_wconf 89' lang='lat' dir='ltr'>impius</span> <span class='ocrx_word' id='word_1_117' title='bbox 457 1835 497 1899; x_wconf 90' lang='lat' dir='ltr'>ad</span> <span class='ocrx_word' id='word_1_118' title='bbox 519 1835 654 1916; x_wconf 89' lang='lat' dir='ltr'>piscinas</span> <span class='ocrx_word' id='word_1_119' title='bbox 680 1835 801 1900; x_wconf 86' lang='lat' dir='ltr'>exisset.</span> <span class='ocrx_word' id='word_1_120' title='bbox 846 1834 903 1900; x_wconf 79' lang='lat' dir='ltr'>cui</span> <span class='ocrx_word' id='word_1_121' title='bbox 924 1835 1064 1902; x_wconf 86' lang='lat' dir='ltr'>uniuersi</span> <span class='ocrx_word' id='word_1_122' title='bbox 1088 1853 1246 1902; x_wconf 87' lang='lat' dir='ltr'>occurrere</span> 
     </span>
     <span class='ocr_line' id='line_1_16' title="bbox 90 1937 1246 2022; baseline 0.003 -22"><span class='ocrx_word' id='word_1_123' title='bbox 90 1938 297 2004; x_wconf 77' lang='lat' dir='ltr'>remalnerunt</span> <span class='ocrx_word' id='word_1_124' title='bbox 326 1937 482 2004; x_wconf 91' lang='lat' dir='ltr'>dicentes:</span> <span class='ocrx_word' id='word_1_125' title='bbox 514 1937 560 2002; x_wconf 88' lang='lat' dir='ltr'>‘ut</span> <span class='ocrx_word' id='word_1_126' title='bbox 583 1937 658 2020; x_wconf 88' lang='lat' dir='ltr'>quid</span> <span class='ocrx_word' id='word_1_127' title='bbox 680 1937 789 2002; x_wconf 91' lang='lat' dir='ltr'>taliter</span> <span class='ocrx_word' id='word_1_128' title='bbox 821 1938 1021 2020; x_wconf 79' lang='lat' dir='ltr'>adfligimur?</span> <span class='ocrx_word' id='word_1_129' title='bbox 1054 1957 1110 2021; x_wconf 94' lang='lat' dir='ltr'>pro</span> <span class='ocrx_word' id='word_1_130' title='bbox 1133 1938 1246 2022; x_wconf 91' lang='lat' dir='ltr'>quibus</span> 
     </span>
     <span class='ocr_line' id='line_1_17' title="bbox 114 2041 1246 2125; baseline 0.001 -20"><span class='ocrx_word' id='word_1_131' title='bbox 114 2041 205 2109; x_wconf 80' lang='lat' dir='ltr'>malis</span> <span class='ocrx_word' id='word_1_132' title='bbox 228 2042 313 2107; x_wconf 86' lang='lat' dir='ltr'>forte</span> <span class='ocrx_word' id='word_1_133' title='bbox 347 2041 522 2106; x_wconf 90' lang='lat' dir='ltr'>commissis</span> <span class='ocrx_word' id='word_1_134' title='bbox 551 2041 613 2106; x_wconf 88' lang='lat' dir='ltr'>ista</span> <span class='ocrx_word' id='word_1_135' title='bbox 642 2041 858 2124; x_wconf 79' lang='lat' dir='ltr'>perpetimur?</span> <span class='ocrx_word' id='word_1_136' title='bbox 891 2043 916 2107; x_wconf 88' lang='lat' dir='ltr'>si</span> <span class='ocrx_word' id='word_1_137' title='bbox 940 2045 979 2108; x_wconf 88' lang='lat' dir='ltr'>ad</span> <span class='ocrx_word' id='word_1_138' title='bbox 1001 2041 1246 2125; x_wconf 89' lang='lat' dir='ltr'>disputationem</span> 
     </span>
     <span class='ocr_line' id='line_1_18' title="bbox 115 2144 1245 2228; baseline 0.001 -21"><span class='ocrx_word' id='word_1_139' title='bbox 115 2145 296 2228; x_wconf 86' lang='lat' dir='ltr'>congregati</span> <span class='ocrx_word' id='word_1_140' title='bbox 328 2163 446 2223; x_wconf 88' lang='lat' dir='ltr'>sumus,</span> <span class='ocrx_word' id='word_1_141' title='bbox 475 2162 570 2226; x_wconf 89' lang='lat' dir='ltr'>qnare</span> <span class='ocrx_word' id='word_1_142' title='bbox 598 2144 766 2227; x_wconf 80' lang='lat' dir='ltr'>expoliati?</span> <span class='ocrx_word' id='word_1_143' title='bbox 798 2163 892 2228; x_wconf 88' lang='lat' dir='ltr'>quare</span> <span class='ocrx_word' id='word_1_144' title='bbox 920 2146 1121 2221; x_wconf 87' lang='lat' dir='ltr'>traducimur,</span> <span class='ocrx_word' id='word_1_145' title='bbox 1151 2161 1245 2228; x_wconf 87' lang='lat' dir='ltr'>quare</span> 
     </span>
     <span class='ocr_line' id='line_1_19' title="bbox 117 2247 1245 2322; baseline 0.001 -12"><span class='ocrx_word' id='word_1_146' title='bbox 117 2247 296 2322; x_wconf 83' lang='lat' dir='ltr'>differimur,</span> <span class='ocrx_word' id='word_1_147' title='bbox 331 2251 364 2313; x_wconf 89' lang='lat' dir='ltr'>et</span> <span class='ocrx_word' id='word_1_148' title='bbox 386 2248 456 2312; x_wconf 91' lang='lat' dir='ltr'>sine</span> <span class='ocrx_word' id='word_1_149' title='bbox 478 2247 619 2312; x_wconf 85' lang='lat' dir='ltr'>aeclesiis</span> <span class='ocrx_word' id='word_1_150' title='bbox 642 2252 674 2312; x_wconf 90' lang='lat' dir='ltr'>et</span> <span class='ocrx_word' id='word_1_151' title='bbox 696 2248 837 2314; x_wconf 92' lang='lat' dir='ltr'>domibus</span> <span class='ocrx_word' id='word_1_152' title='bbox 870 2249 985 2315; x_wconf 87' lang='lat' dir='ltr'>nostris</span> <span class='ocrx_word' id='word_1_153' title='bbox 1013 2249 1088 2313; x_wconf 86' lang='lat' dir='ltr'>foris</span> <span class='ocrx_word' id='word_1_154' title='bbox 1117 2248 1245 2313; x_wconf 90' lang='lat' dir='ltr'>ciuitate</span> 
     </span>
     <span class='ocr_line' id='line_1_20' title="bbox 116 2341 1244 2418; baseline 0.003 -5"><span class='ocrx_word' id='word_1_155' title='bbox 116 2349 195 2416; x_wconf 85' lang='lat' dir='ltr'>fame</span> <span class='ocrx_word' id='word_1_156' title='bbox 218 2353 253 2417; x_wconf 87' lang='lat' dir='ltr'>et</span> <span class='ocrx_word' id='word_1_157' title='bbox 281 2351 425 2416; x_wconf 88' lang='lat' dir='ltr'>nuditate</span> <span class='ocrx_word' id='word_1_158' title='bbox 457 2351 637 2416; x_wconf 87' lang='lat' dir='ltr'>laborantes</span> <span class='ocrx_word' id='word_1_159' title='bbox 669 2352 782 2418; x_wconf 92' lang='lat' dir='ltr'>mediis</span> <span class='ocrx_word' id='word_1_160' title='bbox 815 2353 1001 2418; x_wconf 89' lang='lat' dir='ltr'>stercoribus</span> <span class='ocrx_word' id='word_1_161' title='bbox 1034 2341 1244 2417; x_wconf 73' lang='lat' dir='ltr'>uolutamust&#39;</span> 
     </span>
    </p>
   </div>
   <div class='ocr_carea' id='block_1_3' title="bbox 92 2452 1245 2850">
    <p class='ocr_par' dir='ltr' id='par_1_3' title="bbox 92 2452 1245 2850">
     <span class='ocr_line' id='line_1_21' title="bbox 92 2452 1245 2541; baseline 0.005 -28"><span class='ocrx_word' id='word_1_162' title='bbox 92 2452 193 2534; x_wconf 78' lang='lat' dir='ltr'>uQuos</span> <span class='ocrx_word' id='word_1_163' title='bbox 209 2454 266 2519; x_wconf 87' lang='lat' dir='ltr'>ille</span> <span class='ocrx_word' id='word_1_164' title='bbox 282 2455 382 2518; x_wconf 89' lang='lat' dir='ltr'>toruis</span> <span class='ocrx_word' id='word_1_165' title='bbox 399 2454 498 2519; x_wconf 92' lang='lat' dir='ltr'>oculis</span> <span class='ocrx_word' id='word_1_166' title='bbox 515 2453 679 2536; x_wconf 85' lang='lat' dir='ltr'>aspiciens,</span> <span class='ocrx_word' id='word_1_167' title='bbox 695 2455 876 2539; x_wconf 88' lang='lat' dir='ltr'>prinsquam</span> <span class='ocrx_word' id='word_1_168' title='bbox 891 2456 1122 2541; x_wconf 85' lang='lat' dir='ltr'>suggestionem</span> <span class='ocrx_word' id='word_1_169' title='bbox 1138 2473 1245 2520; x_wconf 90' lang='lat' dir='ltr'>corum</span> 
     </span>
     <span class='ocr_line' id='line_1_22' title="bbox 115 2556 1245 2643; baseline 0 -21"><span class='ocrx_word' id='word_1_170' title='bbox 115 2557 260 2640; x_wconf 81' lang='lat' dir='ltr'>audisset,</span> <span class='ocrx_word' id='word_1_171' title='bbox 283 2556 377 2623; x_wconf 87' lang='lat' dir='ltr'>iussit</span> <span class='ocrx_word' id='word_1_172' title='bbox 399 2576 491 2641; x_wconf 89' lang='lat' dir='ltr'>super</span> <span class='ocrx_word' id='word_1_173' title='bbox 514 2576 653 2623; x_wconf 90' lang='lat' dir='ltr'>eoscum</span> <span class='ocrx_word' id='word_1_174' title='bbox 676 2560 846 2625; x_wconf 87' lang='lat' dir='ltr'>sessoribus</span> <span class='ocrx_word' id='word_1_175' title='bbox 869 2579 962 2643; x_wconf 90' lang='lat' dir='ltr'>equos</span> <span class='ocrx_word' id='word_1_176' title='bbox 984 2560 1112 2639; x_wconf 90' lang='lat' dir='ltr'>dimitti,</span> <span class='ocrx_word' id='word_1_177' title='bbox 1136 2561 1172 2622; x_wconf 91' lang='lat' dir='ltr'>ut</span> <span class='ocrx_word' id='word_1_178' title='bbox 1187 2557 1245 2623; x_wconf 90' lang='lat' dir='ltr'>tali</span> 
     </span>
     <span class='ocr_line' id='line_1_23' title="bbox 114 2660 1241 2744; baseline -0.002 -18"><span class='ocrx_word' id='word_1_179' title='bbox 114 2661 263 2728; x_wconf 89' lang='lat' dir='ltr'>uiolentia</span> <span class='ocrx_word' id='word_1_180' title='bbox 294 2662 422 2744; x_wconf 90' lang='lat' dir='ltr'>possent</span> <span class='ocrx_word' id='word_1_181' title='bbox 455 2679 517 2726; x_wconf 90' lang='lat' dir='ltr'>non</span> <span class='ocrx_word' id='word_1_182' title='bbox 551 2663 653 2726; x_wconf 92' lang='lat' dir='ltr'>solum</span> <span class='ocrx_word' id='word_1_183' title='bbox 687 2663 820 2744; x_wconf 89' lang='lat' dir='ltr'>conteri,</span> <span class='ocrx_word' id='word_1_184' title='bbox 857 2683 967 2728; x_wconf 91' lang='lat' dir='ltr'>uerum</span> <span class='ocrx_word' id='word_1_185' title='bbox 1000 2665 1094 2728; x_wconf 83' lang='lat' dir='ltr'>etiam</span> <span class='ocrx_word' id='word_1_186' title='bbox 1127 2660 1241 2726; x_wconf 90' lang='lat' dir='ltr'>necari.</span> 
     </span>
     <span class='ocr_line' id='line_1_24' title="bbox 115 2761 1243 2850; baseline -0.005 -16"><span class='ocrx_word' id='word_1_187' title='bbox 115 2764 250 2846; x_wconf 76' lang='lat' dir='ltr'>Quorum</span> <span class='ocrx_word' id='word_1_188' title='bbox 272 2766 350 2830; x_wconf 91' lang='lat' dir='ltr'>tunc</span> <span class='ocrx_word' id='word_1_189' title='bbox 371 2764 465 2829; x_wconf 92' lang='lat' dir='ltr'>multi</span> <span class='ocrx_word' id='word_1_190' title='bbox 490 2765 618 2831; x_wconf 90' lang='lat' dir='ltr'>contriti</span> <span class='ocrx_word' id='word_1_191' title='bbox 639 2771 713 2830; x_wconf 92' lang='lat' dir='ltr'>sunt</span> <span class='ocrx_word' id='word_1_192' title='bbox 736 2771 768 2831; x_wconf 92' lang='lat' dir='ltr'>et</span> <span class='ocrx_word' id='word_1_193' title='bbox 790 2767 954 2850; x_wconf 86' lang='lat' dir='ltr'>praecipue</span> <span class='ocrx_word' id='word_1_194' title='bbox 968 2785 1055 2832; x_wconf 90' lang='lat' dir='ltr'>senes</span> <span class='ocrx_word' id='word_1_195' title='bbox 1071 2767 1102 2830; x_wconf 89' lang='lat' dir='ltr'>ct</span> <span class='ocrx_word' id='word_1_196' title='bbox 1116 2761 1243 2829; x_wconf 89' lang='lat' dir='ltr'>infirmi.</span> 
     </span>
    </p>
   </div>
   <div class='ocr_carea' id='block_1_4' title="bbox 68 2884 1293 3074">
    <p class='ocr_par' dir='ltr' id='par_1_4' title="bbox 68 2884 1293 3074">
     <span class='ocr_line' id='line_1_25' title="bbox 68 2884 1293 2977; baseline -0.002 -27"><span class='ocrx_word' id='word_1_197' title='bbox 68 2956 70 2977; x_wconf 49' lang='grc' dir='ltr'>Ι</span> <span class='ocrx_word' id='word_1_198' title='bbox 153 2886 224 2968; x_wconf 87' lang='lat' dir='ltr'>(IV,</span> <span class='ocrx_word' id='word_1_199' title='bbox 240 2886 276 2968; x_wconf 88' lang='grc'>4)</span> <span class='ocrx_word' id='word_1_200' title='bbox 299 2887 381 2952; x_wconf 83' lang='lat' dir='ltr'>Tum</span> <span class='ocrx_word' id='word_1_201' title='bbox 398 2888 507 2952; x_wconf 88' lang='lat' dir='ltr'>deinde</span> <span class='ocrx_word' id='word_1_202' title='bbox 522 2886 671 2953; x_wconf 88' lang='lat' dir='ltr'>iubentur</span> <span class='ocrx_word' id='word_1_203' title='bbox 692 2889 732 2952; x_wconf 87' lang='lat' dir='ltr'>ad</span> <span class='ocrx_word' id='word_1_204' title='bbox 747 2889 901 2970; x_wconf 88' lang='lat' dir='ltr'>quendam</span> <span class='ocrx_word' id='word_1_205' title='bbox 923 2889 1036 2966; x_wconf 90' lang='lat' dir='ltr'>locum,</span> <span class='ocrx_word' id='word_1_206' title='bbox 1061 2889 1113 2970; x_wconf 89' lang='lat' dir='ltr'>qui</span> <span class='ocrx_word' id='word_1_207' title='bbox 1129 2887 1244 2951; x_wconf 92' lang='lat' dir='ltr'>dicitur</span> <span class='ocrx_word' id='word_1_208' title='bbox 1254 2884 1293 2948; x_wconf 75' lang='lat'>17</span> 
     </span>
     <span class='ocr_line' id='line_1_26' title="bbox 68 2982 1243 3074; baseline 0.002 -23"><span class='ocrx_word' id='word_1_209' title='bbox 68 2982 70 3035; x_wconf 79' lang='lat' dir='ltr'>l</span> <span class='ocrx_word' id='word_1_210' title='bbox 92 2989 209 3055; x_wconf 80' lang='lat' dir='ltr'>aleces</span> <span class='ocrx_word' id='word_1_211' title='bbox 224 2990 405 3069; x_wconf 88' lang='lat' dir='ltr'>Memoriae,</span> <span class='ocrx_word' id='word_1_212' title='bbox 427 2991 477 3055; x_wconf 90' lang='lat' dir='ltr'>illi</span> <span class='ocrx_word' id='word_1_213' title='bbox 492 2991 554 3054; x_wconf 91' lang='lat' dir='ltr'>uiri</span> <span class='ocrx_word' id='word_1_214' title='bbox 569 2989 618 3054; x_wconf 90' lang='lat' dir='ltr'>dei</span> <span class='ocrx_word' id='word_1_215' title='bbox 633 3009 801 3074; x_wconf 89' lang='lat' dir='ltr'>occurrere,</span> <span class='ocrx_word' id='word_1_216' title='bbox 825 2992 968 3057; x_wconf 82' lang='lat' dir='ltr'>fraudem</span> <span class='ocrx_word' id='word_1_217' title='bbox 990 2991 1049 3055; x_wconf 89' lang='lat' dir='ltr'>sibi</span> <span class='ocrx_word' id='word_1_218' title='bbox 1070 2991 1243 3055; x_wconf 87' lang='lat' dir='ltr'>nescientes</span> 
     </span>
    </p>
   </div>
   <div class='ocr_carea' id='block_1_5' title="bbox 68 3042 1244 3175">
    <p class='ocr_par' dir='ltr' id='par_1_5' title="bbox 68 3042 1244 3175">
     <span class='ocr_line' id='line_1_27' title="bbox 68 3042 1244 3175; baseline -0.003 -17"><span class='ocrx_word' id='word_1_219' title='bbox 68 3042 71 3149; x_wconf 52' lang='lat' dir='ltr'>l</span> <span class='ocrx_word' id='word_1_220' title='bbox 114 3094 261 3175; x_wconf 81' lang='lat' dir='ltr'>aptatam.</span> <span class='ocrx_word' id='word_1_221' title='bbox 291 3092 355 3157; x_wconf 90' lang='lat' dir='ltr'>Ubi</span> <span class='ocrx_word' id='word_1_222' title='bbox 379 3111 451 3158; x_wconf 91' lang='lat' dir='ltr'>cum</span> <span class='ocrx_word' id='word_1_223' title='bbox 474 3094 641 3174; x_wconf 90' lang='lat' dir='ltr'>uenissent,</span> <span class='ocrx_word' id='word_1_224' title='bbox 665 3097 749 3160; x_wconf 82' lang='lat' dir='ltr'>carta</span> <span class='ocrx_word' id='word_1_225' title='bbox 770 3095 814 3158; x_wconf 92' lang='lat' dir='ltr'>eis</span> <span class='ocrx_word' id='word_1_226' title='bbox 837 3094 1009 3160; x_wconf 88' lang='lat' dir='ltr'>ostenditur</span> <span class='ocrx_word' id='word_1_227' title='bbox 1030 3093 1174 3158; x_wconf 89' lang='lat' dir='ltr'>inuoluta</span> <span class='ocrx_word' id='word_1_228' title='bbox 1196 3091 1244 3158; x_wconf 92' lang='lat' dir='ltr'>di·</span> 
     </span>
    </p>
   </div>
   <div class='ocr_carea' id='block_1_6' title="bbox 68 3152 1244 3282">
    <p class='ocr_par' dir='ltr' id='par_1_6' title="bbox 68 3152 1244 3282">
     <span class='ocr_line' id='line_1_28' title="bbox 68 3152 1244 3282; baseline -0.002 -21"><span class='ocrx_word' id='word_1_229' title='bbox 68 3152 71 3281; x_wconf 43' lang='grc' dir='ltr'>ξ</span> <span class='ocrx_word' id='word_1_230' title='bbox 113 3196 251 3280; x_wconf 89' lang='lat' dir='ltr'>citurque</span> <span class='ocrx_word' id='word_1_231' title='bbox 278 3195 345 3261; x_wconf 88' lang='lat' dir='ltr'>illis</span> <span class='ocrx_word' id='word_1_232' title='bbox 367 3195 430 3261; x_wconf 89' lang='lat' dir='ltr'>ista</span> <span class='ocrx_word' id='word_1_233' title='bbox 457 3197 632 3262; x_wconf 89' lang='lat' dir='ltr'>subtilitate</span> <span class='ocrx_word' id='word_1_234' title='bbox 666 3198 832 3282; x_wconf 89' lang='lat' dir='ltr'>serpentis:</span> <span class='ocrx_word' id='word_1_235' title='bbox 866 3197 1019 3264; x_wconf 86' lang='lat' dir='ltr'>‘dominus</span> <span class='ocrx_word' id='word_1_236' title='bbox 1052 3200 1158 3262; x_wconf 90' lang='lat' dir='ltr'>noster</span> <span class='ocrx_word' id='word_1_237' title='bbox 1190 3213 1244 3261; x_wconf 85' lang='lat' dir='ltr'>rex</span> 
     </span>
    </p>
   </div>
   <div class='ocr_carea' id='block_1_7' title="bbox 112 3454 1243 4134">
    <p class='ocr_par' dir='ltr' id='par_1_7' title="bbox 112 3454 1243 4134">
     <span class='ocr_line' id='line_1_29' title="bbox 157 3454 1175 3528; baseline 0.005 -22"><span class='ocrx_word' id='word_1_238' title='bbox 157 3454 308 3521; x_wconf 83' lang='lat' dir='ltr'>lcoperat</span> <span class='ocrx_word' id='word_1_239' title='bbox 325 3469 344 3506; x_wconf 86' lang='lat' dir='ltr'>a</span> <span class='ocrx_word' id='word_1_240' title='bbox 370 3455 493 3522; x_wconf 87' lang='lat' dir='ltr'>coeperat</span> <span class='ocrx_word' id='word_1_241' title='bbox 514 3455 600 3524; x_wconf 78' lang='lat' dir='ltr'>WPp</span> <span class='ocrx_word' id='word_1_242' title='bbox 730 3456 835 3510; x_wconf 64' lang='lat' dir='ltr'>ituris</span> <span class='ocrx_word' id='word_1_243' title='bbox 853 3457 881 3510; x_wconf 94' lang='lat' dir='ltr'><em>P</em></span> <span class='ocrx_word' id='word_1_244' title='bbox 997 3471 1088 3510; x_wconf 90' lang='lat' dir='ltr'>muros</span> <span class='ocrx_word' id='word_1_245' title='bbox 1105 3456 1175 3528; x_wconf 72' lang='lat' dir='ltr'>aLd</span> 
     </span>
     <span class='ocr_line' id='line_1_30' title="bbox 114 3535 1243 3612; baseline 0.004 -20"><span class='ocrx_word' id='word_1_246' title='bbox 114 3539 242 3609; x_wconf 77' lang='lat' dir='ltr'>tqnepia</span> <span class='ocrx_word' id='word_1_247' title='bbox 261 3535 364 3594; x_wconf 78' lang='lat' dir='ltr'>Veram</span> <span class='ocrx_word' id='word_1_248' title='bbox 381 3555 436 3594; x_wconf 80' lang='lat' dir='ltr'>rar.</span> <span class='ocrx_word' id='word_1_249' title='bbox 455 3555 517 3609; x_wconf 82' lang='lat' dir='ltr'>cup.</span> <span class='ocrx_word' id='word_1_250' title='bbox 536 3558 550 3594; x_wconf 93' lang='lat' dir='ltr'>e</span> <span class='ocrx_word' id='word_1_251' title='bbox 569 3547 628 3596; x_wconf 81' lang='lat' dir='ltr'>eta</span> <span class='ocrx_word' id='word_1_252' title='bbox 717 3543 918 3610; x_wconf 87' lang='lat' dir='ltr'>praestitissent</span> <span class='ocrx_word' id='word_1_253' title='bbox 936 3542 1107 3599; x_wconf 79' lang='lat' dir='ltr'>BVOWso:</span> <span class='ocrx_word' id='word_1_254' title='bbox 1133 3545 1243 3612; x_wconf 83' lang='lat' dir='ltr'>praesti-</span> 
     </span>
     <span class='ocr_line' id='line_1_31' title="bbox 112 3625 1242 3699; baseline 0.003 -20"><span class='ocrx_word' id='word_1_255' title='bbox 112 3625 187 3680; x_wconf 88' lang='lat' dir='ltr'>tisset</span> <span class='ocrx_word' id='word_1_256' title='bbox 213 3625 309 3696; x_wconf 62' lang='lat' dir='ltr'>mna</span> <span class='ocrx_word' id='word_1_257' title='bbox 339 3627 374 3692; x_wconf 72' lang='lat' dir='ltr'>cf.</span> <span class='ocrx_word' id='word_1_258' title='bbox 393 3626 494 3680; x_wconf 76' lang='lat' dir='ltr'>&#39;India</span> <span class='ocrx_word' id='word_1_259' title='bbox 514 3628 573 3680; x_wconf 91' lang='lat' dir='ltr'>III</span> <span class='ocrx_word' id='word_1_260' title='bbox 590 3628 770 3685; x_wconf 61' lang='lat' dir='ltr'>‘roborantia</span> <span class='ocrx_word' id='word_1_261' title='bbox 793 3630 832 3684; x_wconf 88' lang='lat' dir='ltr'>od</span> <span class='ocrx_word' id='word_1_262' title='bbox 852 3629 969 3684; x_wconf 79' lang='lat' dir='ltr'>seaeum’</span> <span class='ocrx_word' id='word_1_263' title='bbox 1077 3632 1094 3684; x_wconf 90' lang='lat'>8</span> <span class='ocrx_word' id='word_1_264' title='bbox 1121 3630 1242 3699; x_wconf 91' lang='lat' dir='ltr'>proiecti]</span> 
     </span>
     <span class='ocr_line' id='line_1_32' title="bbox 112 3711 1242 3784; baseline 0.004 -20"><span class='ocrx_word' id='word_1_265' title='bbox 112 3711 277 3778; x_wconf 83' lang='lat' dir='ltr'>praedictio</span> <span class='ocrx_word' id='word_1_266' title='bbox 379 3711 546 3766; x_wconf 71' lang='lat' dir='ltr'>thabirent</span> <span class='ocrx_word' id='word_1_267' title='bbox 572 3713 626 3769; x_wconf 87' lang='lat' dir='ltr'>PR</span> <span class='ocrx_word' id='word_1_268' title='bbox 727 3714 845 3784; x_wconf 83' lang='lat' dir='ltr'>quiesi]</span> <span class='ocrx_word' id='word_1_269' title='bbox 865 3716 1013 3783; x_wconf 72' lang='lat' dir='ltr'>quasipP</span> <span class='ocrx_word' id='word_1_270' title='bbox 1112 3732 1165 3768; x_wconf 92' lang='lat' dir='ltr'>non</span> <span class='ocrx_word' id='word_1_271' title='bbox 1183 3717 1242 3768; x_wconf 86' lang='lat' dir='ltr'>tan-</span> 
     </span>
     <span class='ocr_line' id='line_1_33' title="bbox 115 3796 1242 3871; baseline 0.005 -22"><span class='ocrx_word' id='word_1_272' title='bbox 115 3797 178 3866; x_wconf 89' lang='lat' dir='ltr'>tum]</span> <span class='ocrx_word' id='word_1_273' title='bbox 197 3813 232 3850; x_wconf 89' lang='lat' dir='ltr'>ne</span> <span class='ocrx_word' id='word_1_274' title='bbox 250 3796 321 3850; x_wconf 87' lang='lat' dir='ltr'>tenti</span> <span class='ocrx_word' id='word_1_275' title='bbox 343 3798 413 3853; x_wconf 79' lang='lat' dir='ltr'>Cia</span> <span class='ocrx_word' id='word_1_276' title='bbox 431 3814 485 3852; x_wconf 85' lang='lat' dir='ltr'>ras.</span> <span class='ocrx_word' id='word_1_277' title='bbox 594 3800 626 3853; x_wconf 94' lang='grc'>12</span> <span class='ocrx_word' id='word_1_278' title='bbox 647 3800 807 3870; x_wconf 73' lang='lat' dir='ltr'>ecclesiaed</span> <span class='ocrx_word' id='word_1_279' title='bbox 893 3802 1047 3871; x_wconf 78' lang='lat' dir='ltr'>substantie,</span> <span class='ocrx_word' id='word_1_280' title='bbox 1065 3803 1158 3857; x_wconf 88' lang='lat' dir='ltr'>BVM</span> <span class='ocrx_word' id='word_1_281' title='bbox 1179 3801 1242 3856; x_wconf 89' lang='lat' dir='ltr'>sub-</span> 
     </span>
     <span class='ocr_line' id='line_1_34' title="bbox 116 3881 1242 3954; baseline 0.009 -21"><span class='ocrx_word' id='word_1_282' title='bbox 116 3881 244 3936; x_wconf 83' lang='lat' dir='ltr'>stantiiss</span> <span class='ocrx_word' id='word_1_283' title='bbox 329 3886 472 3953; x_wconf 84' lang='lat' dir='ltr'>occupatus</span> <span class='ocrx_word' id='word_1_284' title='bbox 486 3885 545 3938; x_wconf 92' lang='lat' dir='ltr'>BV</span> <span class='ocrx_word' id='word_1_285' title='bbox 628 3887 662 3938; x_wconf 84' lang='lat'>14</span> <span class='ocrx_word' id='word_1_286' title='bbox 674 3903 778 3941; x_wconf 88' lang='lat' dir='ltr'>occurre</span> <span class='ocrx_word' id='word_1_287' title='bbox 791 3889 819 3942; x_wconf 95' lang='lat' dir='ltr'><strong><em>P</em></strong></span> <span class='ocrx_word' id='word_1_288' title='bbox 906 3890 939 3944; x_wconf 88' lang='grc'>18</span> <span class='ocrx_word' id='word_1_289' title='bbox 952 3890 994 3943; x_wconf 87' lang='lat' dir='ltr'>dif</span> <span class='ocrx_word' id='word_1_290' title='bbox 1004 3889 1242 3954; x_wconf 76' lang='lat' dir='ltr'>(diff-Plemimur</span> 
     </span>
     <span class='ocr_line' id='line_1_35' title="bbox 119 3967 1242 4032; baseline 0.011 -14"><span class='ocrx_word' id='word_1_291' title='bbox 119 3967 220 4025; x_wconf 83' lang='lat' dir='ltr'><strong><em>BVPB</em></strong></span> <span class='ocrx_word' id='word_1_292' title='bbox 236 3968 416 4025; x_wconf 74' lang='lat' dir='ltr'>diterimnrO</span> <span class='ocrx_word' id='word_1_293' title='bbox 510 3973 649 4026; x_wconf 88' lang='lat' dir='ltr'>ciuitatem</span> <span class='ocrx_word' id='word_1_294' title='bbox 662 3973 706 4027; x_wconf 81' lang='lat' dir='ltr'>oL</span> <span class='ocrx_word' id='word_1_295' title='bbox 802 3976 834 4029; x_wconf 88' lang='grc'>19</span> <span class='ocrx_word' id='word_1_296' title='bbox 847 3976 1086 4032; x_wconf 82' lang='lat' dir='ltr'>stercorisBVOs¹</span> <span class='ocrx_word' id='word_1_297' title='bbox 1173 3976 1242 4032; x_wconf 91' lang='lat' dir='ltr'>noli-</span> 
     </span>
     <span class='ocr_line' id='line_1_36' title="bbox 122 4054 1173 4134; baseline 0.01 -27"><span class='ocrx_word' id='word_1_298' title='bbox 122 4054 199 4108; x_wconf 82' lang='lat' dir='ltr'>tnnns</span> <span class='ocrx_word' id='word_1_299' title='bbox 215 4055 244 4111; x_wconf 89' lang='lat' dir='ltr'><em>P</em></span> <span class='ocrx_word' id='word_1_300' title='bbox 269 4056 417 4110; x_wconf 86' lang='lat' dir='ltr'>nolitamur</span> <span class='ocrx_word' id='word_1_301' title='bbox 434 4057 461 4110; x_wconf 90' lang='lat' dir='ltr'>b¹</span> <span class='ocrx_word' id='word_1_302' title='bbox 491 4059 647 4113; x_wconf 87' lang='lat' dir='ltr'>uolutamur</span> <span class='ocrx_word' id='word_1_303' title='bbox 668 4059 821 4116; x_wconf 80' lang='lat' dir='ltr'>OWMLb²</span> <span class='ocrx_word' id='word_1_304' title='bbox 924 4063 957 4116; x_wconf 93' lang='grc'>22</span> <span class='ocrx_word' id='word_1_305' title='bbox 975 4063 1080 4117; x_wconf 89' lang='lat' dir='ltr'>enecari</span> <span class='ocrx_word' id='word_1_306' title='bbox 1103 4063 1173 4134; x_wconf 75' lang='lat' dir='ltr'>Wod</span> 
     </span>
    </p>
   </div>
   <div class='ocr_carea' id='block_1_8' title="bbox 68 4135 1243 4286">
    <p class='ocr_par' dir='ltr' id='par_1_8' title="bbox 68 4135 1243 4286">
     <span class='ocr_line' id='line_1_37' title="bbox 68 4135 1243 4217; baseline 0.012 -27"><span class='ocrx_word' id='word_1_307' title='bbox 68 4170 70 4177; x_wconf 75' lang='lat'><em>=</em></span> <span class='ocrx_word' id='word_1_308' title='bbox 125 4135 192 4194; x_wconf 74' lang='lat' dir='ltr'>laec</span> <span class='ocrx_word' id='word_1_309' title='bbox 206 4141 307 4196; x_wconf 81' lang='lat' dir='ltr'>infimi</span> <span class='ocrx_word' id='word_1_310' title='bbox 325 4145 411 4210; x_wconf 70' lang='lat' dir='ltr'>omli</span> <span class='ocrx_word' id='word_1_311' title='bbox 509 4144 544 4198; x_wconf 82' lang='lat'>24</span> <span class='ocrx_word' id='word_1_312' title='bbox 563 4148 628 4199; x_wconf 88' lang='lat' dir='ltr'>tunc</span> <span class='ocrx_word' id='word_1_313' title='bbox 646 4146 727 4200; x_wconf 76' lang='lat' dir='ltr'>Man</span> <span class='ocrx_word' id='word_1_314' title='bbox 824 4148 858 4202; x_wconf 89' lang='grc'>26</span> <span class='ocrx_word' id='word_1_315' title='bbox 876 4151 1026 4217; x_wconf 86' lang='lat' dir='ltr'>aptatatem</span> <span class='ocrx_word' id='word_1_316' title='bbox 1044 4166 1063 4203; x_wconf 86' lang='lat' dir='ltr'>c</span> <span class='ocrx_word' id='word_1_317' title='bbox 1149 4151 1243 4204; x_wconf 88' lang='lat' dir='ltr'>charta</span> 
     </span>
     <span class='ocr_line' id='line_1_38' title="bbox 128 4223 568 4286; baseline 0.011 -7"><span class='ocrx_word' id='word_1_318' title='bbox 128 4223 140 4286; x_wconf 82' lang='grc' dir='ltr'><strong>β</strong></span> <span class='ocrx_word' id='word_1_319' title='bbox 231 4227 265 4281; x_wconf 83' lang='grc'>27</span> <span class='ocrx_word' id='word_1_320' title='bbox 283 4228 343 4282; x_wconf 75' lang='lat' dir='ltr'>illos</span> <span class='ocrx_word' id='word_1_321' title='bbox 368 4228 395 4281; x_wconf 88' lang='lat' dir='ltr'><strong><em>V</em></strong></span> <span class='ocrx_word' id='word_1_322' title='bbox 493 4231 568 4284; x_wconf 91' lang='lat' dir='ltr'>itab</span> 
     </span>
    </p>
   </div>
   <div class='ocr_carea' id='block_1_9' title="bbox 0 0 1406 4830">
    <p class='ocr_par' dir='ltr' id='par_1_9' title="bbox 0 0 1406 4830">
     <span class='ocr_line' id='line_1_39' title="bbox 0 0 1406 4830; baseline 0 3"><span class='ocrx_word' id='word_1_323' title='bbox 0 0 1406 4830; x_wconf 95' lang='lat' dir='ltr'> </span> 
     </span>
    </p>
   </div>
  </div>
 </body>
</html>
