2804 4830
508 273 595 327 liber
613 275 635 338 Ι,
661 274 772 328 36-40.
1161 278 1199 342 17

80 464 200 547 pariter
232 463 369 544 interire,
402 467 439 528 ut
469 464 562 528 ducta
595 467 686 546 atque
718 464 846 527 reducta
879 463 1012 529 dumosis
1043 463 1199 548 lignorum

80 568 194 633 aculeis
209 567 421 632 innocentium
436 584 561 648 corpora
577 568 785 647 carperentur,
801 566 847 630 ita
862 566 1017 650 delegans,
1032 570 1068 632 ut
1083 569 1197 633 exitum

80 689 173 736 suum
195 671 326 735 inuicem
349 669 555 752 peruiderent.
579 667 639 746 Qui
654 687 755 733 cume
779 669 880 734 uicino
897 669 1092 736 currentibus
1113 672 1197 736 indo-
1207 670 1248 735 38

78 775 166 838 mitis
188 775 283 857 equis,
306 772 525 856 plangentibus
547 771 666 836 Mauris
682 790 748 836 sese
763 775 871 836 mutuo
889 773 1110 856 conspicerent,
1127 775 1197 839 uale

57 875 140 941 rsibi
160 877 194 940 in
216 876 346 958 augusto
368 876 461 960 fugae
494 875 704 958 unusquisque
732 877 776 940 ita
806 876 963 942 dicebant:
998 876 1117 949 ‘fratem
1147 895 1199 944 ora

77 997 134 1060 pro
156 997 221 1055 me;
244 978 388 1060 impleuit
410 981 485 1044 deus
507 979 694 1043 desiderium
716 981 874 1044 nostrum:
892 980 999 1044 taliter
1019 981 1199 1062 peruenitur

78 1086 119 1148 ad
140 1101 271 1165 regnum
294 1081 469 1146 caelorum'.
493 1083 603 1164 Itaque
624 1083 738 1147 orando
766 1085 858 1164 atque
879 1083 1036 1163 psallendo
1059 1083 1198 1165 gauden-

77 1188 163 1252 tibus
192 1185 311 1268 angelis
337 1185 404 1266 pias
433 1184 551 1248 animas
581 1186 724 1248 emisere:
758 1184 813 1250 ubi
834 1204 931 1266 usque
961 1185 993 1249 in
1015 1185 1198 1250 hodiernum

77 1308 140 1354 non
163 1288 275 1353 desinit
302 1289 445 1370 ingentia
467 1287 626 1350 mirabilia
647 1288 733 1352 Iesus
756 1287 899 1352 Christus
929 1292 1032 1353 noster
1055 1289 1197 1355 dominus

42 1413 69 1450 ιο
77 1391 207 1474 operari.
229 1391 311 1455 Nam
332 1391 420 1455 nobis
442 1390 550 1455 beatus
573 1393 727 1472 quondam
748 1392 881 1456 Faustus
901 1391 1110 1457 Buronitanus
1133 1395 1197 1475 epi-

76 1512 190 1576 scopus
214 1494 382 1559 attestatus
406 1497 453 1557 est
475 1512 597 1558 caecam
620 1495 773 1574 quandam
795 1494 956 1558 mulierem
977 1495 1197 1561 inluminatam

76 1597 183 1675 fuisso,
205 1596 260 1660 ubi
282 1597 347 1678 ipse
369 1598 475 1661 aderat
496 1614 649 1678 praesens.

122 1734 160 1818 (Ι,
178 1735 231 1820 12)
255 1735 448 1800 Accenditur
475 1735 545 1800 hino
569 1735 715 1799 aduersus
750 1733 800 1798 dei
829 1734 990 1798 ecelesiam
1012 1732 1247 1803 sarsenatae

75 1837 179 1902 Mitt't
193 1838 358 1902 Proculum
380 1839 535 1920 quendam
551 1840 583 1902 in
597 1837 788 1920 prouinciam
803 1837 1016 1919 zeugitanam,
1039 1837 1092 1920 qui
1108 1855 1194 1903 coar-

41 1943 159 2005 ctaret
181 1945 220 2006 ad
236 1942 425 2006 tradendum
447 1939 620 2005 ministeria
635 1940 741 2005 diuin'a
756 1940 807 2004 uel
823 1940 919 2004 libros
935 1943 1061 2004 cunctos
1076 1940 1195 2006 domini

76 2044 261 2119 sacerdotes,
294 2049 330 2108 ut
358 2048 456 2126 primo
491 2043 585 2107 armis
618 2043 747 2107 nudaret
776 2043 879 2106 etita
906 2042 1028 2107 facilius
1063 2043 1197 2108 inermes

75 2145 174 2210 hostis
199 2147 331 2211 callidus
355 2146 550 2228 captiuasset.
575 2143 645 2224 Qui,
668 2164 702 2208 se
723 2163 785 2209 non
808 2164 897 2227 posse
913 2147 1034 2210 tradere
1058 2147 1195 2210 olaman-

74 2250 169 2332 tibus,
192 2249 253 2332 ipsi
274 2251 381 2332 rapaci
402 2269 499 2314 manu
523 2251 635 2313 cuncta
650 2247 916 2332 depopulabantur
931 2252 1024 2331 atque
1040 2251 1077 2314 de
1090 2250 1196 2331 palliis

75 2352 195 2428 altaris,
219 2370 276 2433 pro
298 2352 402 2416 nefas!
439 2352 580 2416 camisias
603 2351 663 2416 sibi
685 2355 717 2415 et
739 2351 899 2417 femoralia
927 2351 1090 2418 faciebant.
1134 2352 1194 2432 Qui

40 2460 182 2520 atamen
204 2454 363 2532 Proculus,
387 2455 478 2518 huius
500 2456 545 2518 rei
568 2458 736 2530 exsecutor,
761 2455 920 2520 frustatim
950 2455 1009 2520 sibi
1032 2457 1194 2520 comedens

72 2559 216 2643 linguam
230 2559 263 2623 in
278 2558 366 2622 breui
388 2557 569 2639 turpissima
592 2561 793 2641 consumptus
817 2564 863 2624 est
879 2563 987 2624 morte.
1010 2559 1097 2623 Tunc
1112 2560 1246 2630 enim40

72 2662 200 2726 sanctus
222 2660 407 2726 Ualerianus
429 2661 571 2725 Abensae
604 2662 742 2726 ciuitatis
766 2662 932 2745 episcopus,
964 2664 1038 2727 dum
1060 2661 1194 2726 uiriliter

72 2767 269 2830 sacramenta
300 2763 466 2829 diuinare
489 2766 627 2829 traderet
656 2765 843 2841 dimicasset,
875 2765 949 2830 foris
979 2765 1107 2830 ciuitate
1129 2765 1192 2828 sin-

72 2868 191 2951 gularis
213 2869 316 2932 iussus
339 2869 387 2932 est
408 2868 500 2950 pelli;
524 2869 557 2932 et
579 2869 624 2934 ita
645 2871 847 2952 praeceptum
869 2873 926 2946 est,
949 2870 985 2933 ut
1000 2869 1105 2933 nullus
1121 2887 1192 2932 eum

123 3125 140 3176 2
158 3126 220 3177 ita.
239 3164 244 3174 .
264 3123 454 3192 perdiderant
472 3139 522 3178 om.
540 3141 558 3177 a
661 3124 790 3192 disligaus
807 3123 862 3178 PR
972 3124 989 3176 3
1006 3123 1192 3192 praeuiderent

69 3212 123 3282 Lo
225 3226 240 3264 e
256 3211 353 3279 uicino]
378 3210 467 3265 uicino
484 3211 572 3266 Pb¹R
674 3210 813 3265 indomitis
831 3210 907 3276 equis
930 3209 1121 3278 plangentibus
1139 3227 1189 3265 om.

70 3297 162 3365 Bar]
178 3296 233 3351 iud.
251 3299 326 3366 equis
344 3298 497 3366 maurisque
514 3296 707 3366 plangentibus
725 3296 789 3349 Ws²
890 3296 906 3348 5
926 3296 1016 3364 fugae]
1034 3296 1122 3350 furore
1140 3299 1157 3366 β

69 3383 100 3412 uel
111 3381 149 3411 fuso

94 3389 175 3485 fngfe
196 3418 236 3473 W
328 3417 508 3485 dicebath
611 3416 803 3470 8hodiernum
821 3416 891 3469 diem
909 3415 1020 3482 quL
1121 3416 1190 3469 eno

72 3505 115 3561 W
216 3503 331 3558 christus
348 3504 418 3556 iesus
436 3520 454 3556 a
556 3503 628 3556 inter
650 3501 807 3555 dominusb
843 3501 967 3555 dominus
989 3503 1081 3554 noster
1103 3501 1190 3555 WMe

69 3591 148 3646 aLP
249 3591 282 3644 10
299 3589 435 3662 faustinus
452 3588 672 3658 burtinitanusd
775 3589 806 3643 ll
824 3587 939 3656 quadam
957 3586 1051 3641 BV'O
1078 3586 1190 3654 quedam

73 3678 112 3733 V¹
224 3677 256 3730 13
278 3673 341 3728 hino
362 3675 460 3742 scripsi
478 3675 526 3743 (II,
546 3675 602 3740 ill:
629 3674 678 3743 hec
701 3675 729 3728 B
758 3676 867 3742 propter
892 3673 956 3726 haec
982 3673 1098 3742 (propter
1114 3673 1147 3726 e'a
1167 3671 1194 3725 V

67 3779 91 3818 a.
104 3765 122 3817 l.
134 3761 231 3828 acuta)
250 3762 302 3829 aL
318 3762 388 3815 inter
405 3763 470 3816 haec
487 3778 505 3814 a
523 3761 660 3830 posthaec
676 3761 728 3828 Wp
832 3760 865 3813 16
882 3760 1013 3813 inhermes
1031 3759 1123 3829 BVap

68 3849 104 3903 17
123 3848 272 3918 captinaret
292 3849 331 3904 W
355 3864 389 3902 cac
405 3847 552 3916 captiuaiet
667 3847 718 3914 Qui
736 3863 763 3900 se
784 3847 846 3916 non]
875 3846 971 3916 quibus
989 3863 1017 3901 se
1034 3861 1086 3900 non
1108 3844 1190 3900 e²aL

68 3935 131 4006 quis
149 3935 255 4003 enimll
357 3937 444 4004 posset
465 3934 536 4004 ch
639 3933 829 4002 clamantibus]
851 3933 1028 3997 clamantibus
1046 3931 1187 3986 sacerdoti·

68 4023 121 4076 bus
144 4022 196 4091 Wpi
292 4023 325 4076 18
342 4023 434 4091 ipsad
523 4024 555 4075 19
572 4021 685 4076 femoris
700 4023 735 4076 V1
753 4021 936 4076 femoraliasb
1031 4020 1065 4074 20
1083 4020 1121 4074 rei
1139 4037 1188 4075 om.

67 4110 105 4163 Μ
124 4109 183 4178 regi
200 4111 248 4166 W¹
266 4109 418 4162 frustratim
436 4109 502 4164 BV²
600 4109 634 4163 22
651 4109 746 4163 abenso
764 4111 832 4178 Βφα
858 4108 972 4163 habenae
985 4108 1051 4176 (ae)
1067 4108 1121 4177 Wli

65 4195 103 4250 23
121 4195 193 4249 foras
215 4196 279 4251 WL
381 4195 520 4250 ciuitatem
538 4211 590 4250 osse
605 4201 718 4264 praeter
735 4196 763 4248 B

127 4298 189 4354 VII.
1079 4298 1095 4350 2
