2804 4830
451 1007 921 1122 PRAEFATIO.

168 1344 225 1438 Ad
254 1371 390 1437 Uictoris
421 1371 559 1437 Uitensis
592 1370 756 1437 historiam
790 1370 1013 1437 emendandam
1046 1370 1120 1437 libri
1151 1389 1248 1444 manu

131 1482 233 1565 scripti
255 1481 332 1545 mihi
354 1481 478 1563 praesto
500 1480 628 1546 fuerunt
642 1500 765 1546 nouem.
793 1480 932 1562 Quorum
948 1484 985 1547 ut
999 1481 1246 1564 antiquissimus,

130 1587 171 1650 ita
192 1584 327 1667 optimus
350 1589 395 1648 est

101 1723 122 1778 Β
168 1713 239 1780 uod.
272 1712 482 1778 bibliothocae
512 1711 816 1794 Bambergensis
850 1714 928 1795 siga
952 1713 987 1779 u.
1011 1713 1071 1777 ΙΙΙ.
1095 1714 1125 1796 4,
1147 1734 1246 1779 mern·

129 1817 301 1894 brenacum,
324 1817 444 1881 formae
458 1815 598 1895 mineris,
622 1815 769 1882 foliorum
784 1815 857 1894 248,
873 1817 999 1881 saeculo
1014 1817 1061 1880 IX
1075 1819 1112 1882 ut
1125 1819 1248 1883 uidetur

128 1920 238 1985 litteris
269 1918 435 1985 admodum
458 1919 567 1984 nitidis
588 1924 683 2001 atque
710 1918 880 2000 perspicuis
910 1923 1066 1988 exaratus.
1102 1919 1248 1985 Continet

128 2023 285 2089 Uictorem
312 2023 344 2087 et
366 2022 457 2087 Pauli
485 2021 649 2088 historiam
672 2021 856 2086 Romanam.
892 2022 980 2087 Libri
1009 2024 1246 2106 Bambergensis

128 2127 245 2192 bonitas
273 2128 365 2210 atque
395 2129 586 2210 praestantia
614 2128 704 2191 tanta
733 2125 796 2202 est,
828 2125 865 2189 nt
887 2126 1032 2208 plurimis
1054 2126 1130 2191 locis
1153 2126 1246 2192 lectio

127 2248 198 2294 uera
220 2231 275 2294 aut
297 2230 330 2293 in
352 2249 386 2295 eo
402 2232 466 2297 solo
488 2231 608 2296 nitatur
629 2231 684 2296 aut
706 2231 766 2295 nisi
787 2228 852 2299 illo,
865 2228 1004 2295 adhibito
1026 2229 1247 2313 ereliquorum

128 2332 276 2400 librorum
291 2332 453 2416 scripturis
469 2333 714 2418 discrepantibus
731 2331 796 2397 erui
811 2331 935 2396 omnino
948 2349 1010 2397 non
1025 2333 1131 2415 possit.
1155 2331 1247 2399 Ouium

92 2438 97 2454 “
128 2436 170 2500 rei
199 2435 339 2519 exempla
367 2436 504 2519 proferre
527 2453 790 2518 superuacaneum
805 2434 875 2512 est,
903 2453 974 2499 cum
1002 2434 1110 2517 quouis
1133 2435 1248 2519 pagina

129 2538 268 2604 editionis
290 2540 414 2605 nostrae
436 2539 586 2621 inspecta,
610 2555 687 2620 quae
709 2536 790 2601 ratio
805 2535 888 2600 inter
903 2536 936 2601 B
955 2540 986 2602 ct
1003 2537 1098 2602 libros
1113 2538 1247 2620 reliquos

128 2641 312 2721 intercedat,
347 2639 437 2707 facile
460 2643 672 2726 cognoscatur.
705 2639 899 2724 Quamquam
929 2659 985 2705 nec
1007 2640 1248 2725 Bambergensis

128 2745 245 2811 mendis
261 2746 293 2809 et
307 2744 396 2810 uitiis
412 2746 537 2811 omnino
552 2748 646 2810 caret.
663 2745 843 2827 Descriptus
860 2743 943 2808 eninr
958 2747 1006 2807 est
1022 2763 1056 2808 cx
1072 2743 1247 2828 archetypo,
1330 2743 1335 2751 '

128 2851 159 2913 iu
180 2865 241 2931 quo
262 2850 364 2915 multa
385 2850 512 2933 propter
530 2847 644 2913 falsam
660 2847 838 2912 litterarum
852 2846 1147 2930 pronuntiationem,
1171 2865 1248 2929 quae

128 2951 256 3017 maculis
279 2951 416 3017 VI—IX
437 2952 571 3019 maxime
592 2953 734 3034 grassata
757 2953 823 3029 est,
846 2952 988 3033 corrupte
1011 2948 1139 3024 tradita,
1169 2968 1246 3014 non-

128 3055 212 3120 nulla
234 3053 330 3119 etiam
352 3053 470 3120 incuria
492 3052 613 3118 librarii
636 3052 752 3118 omissa
774 3055 871 3119 erant.
896 3051 1012 3118 Contra
1032 3051 1247 3134 interpolatio·

127 3159 174 3222 nis
197 3156 331 3239 uestigia
352 3156 471 3223 frustra
492 3156 525 3222 in
548 3177 582 3223 eo
611 3175 756 3239 quaeras,
790 3157 852 3221 nisi
873 3155 953 3222 illud
975 3155 1025 3235 ΙΙ,
1049 3155 1090 3221 83
1111 3155 1149 3218 to
1170 3154 1248 3218 libro

127 3259 179 3324 Iob
196 3260 340 3340 primo,
374 3259 455 3342 quod
486 3278 592 3324 omnes
621 3260 696 3324 libri
718 3260 855 3324 eiusdem
878 3258 1018 3323 familiae
1040 3259 1182 3336 tuentur,
1213 3277 1247 3324 eo

126 3363 279 3444 pertinere
300 3363 467 3429 existimes.

97 3497 122 3552 V
168 3491 240 3558 Ood.
269 3491 345 3557 bibl.
376 3493 451 3575 imp.
475 3489 790 3557 Uindobonensis
813 3512 843 3555 n.
866 3491 939 3572 583,
961 3492 1102 3567 membr..
1132 3490 1248 3555 formae

125 3595 264 3675 minoris,
287 3595 341 3660 fol.
357 3595 429 3674 216,
453 3612 530 3659 saec.
546 3593 586 3673 X,
609 3599 640 3659 et
661 3596 729 3676 ipse
744 3595 907 3661 Uictorem
921 3612 957 3659 ac
972 3593 1064 3658 Pauli
1085 3593 1248 3658 historiam

126 3698 272 3763 continet.
305 3697 367 3762 Hic
398 3697 480 3762 liber
515 3698 588 3780 quin
617 3717 653 3762 ex
685 3700 792 3763 eodem
821 3698 986 3780 archetypo
1016 3713 1075 3778 quo
1098 3695 1248 3759 Bamber-

125 3801 229 3880 gensis
258 3800 399 3879 fluxerit,
435 3799 571 3866 dubitari
599 3820 661 3866 non
689 3803 805 3884 potest,
841 3802 892 3865 sed
922 3816 983 3864 uno
1011 3799 1081 3880 plus
1110 3798 1207 3882 gradu
1231 3817 1249 3862 a

127 3905 285 3970 communi
307 3904 393 3969 fonte
416 3903 522 3984 distat,
547 3922 641 3986 quam
670 3904 712 3967 B.
736 3904 838 3968 Multa
852 3903 935 3968 enim
950 3903 982 3966 in
999 3920 1033 3967 eo
1049 3901 1247 3982 transposita,

125 4007 215 4089 plura
238 4008 334 4072 etiam
356 4005 566 4088 interpolandi
580 4005 710 4072 libidine
726 4005 842 4071 uitiata
858 4010 939 4072 sunt.
963 4003 1132 4088 archetypi
1148 4008 1250 4069 errata

126 4109 208 4174 haud
230 4127 333 4188 pauca,
358 4128 437 4193 quae
460 4108 494 4172 in
515 4106 549 4172 B
572 4108 636 4174 fere
658 4109 780 4189 integre
802 4113 978 4186 seruantur,
1001 4107 1033 4171 in
1059 4105 1162 4172 Vaut
1183 4127 1249 4172 ma·

125 4231 185 4276 nns
206 4212 309 4295 prima
331 4212 440 4277 statim
464 4212 609 4291 correxit,
639 4213 694 4277 aut
722 4231 784 4277 una
805 4213 943 4278 alteraue
965 4228 1077 4276 manus
1099 4211 1250 4294 posterior

1112 4331 1148 4383 a*
