2804 4830
144 328 184 392 10
533 323 687 379 Uictoris
714 323 873 379 Uiteneis

140 515 229 597 panis
262 519 298 579 ut
332 514 370 578 ad
403 515 529 578 tantum
562 513 703 576 decorem
729 512 903 595 splendoris
925 514 1064 578 uenisset
1086 516 1117 578 et
1140 532 1269 579 mensae

141 618 246 702 regiae
281 619 471 682 necessarius
505 617 680 692 haberetur,
716 617 854 681 discussa
889 617 1039 696 spurcitia
1072 617 1203 681 furfuris
1235 637 1271 682 er

141 740 245 786 massa
278 721 475 805 simulaginis
509 739 691 803 conspersus
729 741 795 802 per
829 739 967 802 aquam
999 721 1193 786 transiuit
1232 723 1270 786 et

89 824 287 908 tlignem3
320 826 432 890 idcireo
455 829 486 890 et
509 829 635 906 aspectu
658 825 761 889 clarus
784 829 815 888 et
839 843 892 889 esu
914 824 1018 888 suauis
1039 825 1180 890 habetur.
1218 825 1270 889 Ita

143 930 175 993 et
196 947 253 1012 ego
275 931 359 993 mola
384 930 556 994 catholicae
581 929 691 992 matris
714 928 912 992 commolitus
936 932 967 991 et
990 928 1088 992 cribro
1112 928 1269 993 examina·
1292 946 1306 986 e

142 1034 235 1098 tionis
252 1037 287 1097 ut
304 1035 419 1097 simula
435 1034 550 1097 munda
565 1037 726 1115 purgatus,
750 1033 871 1116 rigatus
887 1049 957 1096 sum
973 1049 1053 1112 aqua
1067 1030 1269 1112 baptismatis

143 1138 173 1202 et
195 1138 265 1219 igue
288 1137 390 1200 saneti
413 1137 543 1218 spiritus
567 1141 681 1200 coctus.
719 1135 760 1198 Et
782 1139 818 1199 ut
840 1135 1003 1217 hispanis
1027 1136 1064 1198 de
1087 1133 1189 1210 furno,
1223 1135 1270 1199 ita

142 1243 173 1305 et
206 1258 262 1322 ego
296 1259 350 1322 per
383 1239 487 1304 officia
519 1241 784 1304 sacramentorum
806 1237 986 1302 diuinorum
1010 1237 1128 1302 artifice
1151 1236 1207 1301 deo
1232 1238 1269 1302 de

141 1343 226 1407 fonte
249 1343 383 1407 mundus
405 1341 541 1407 ascendi.
566 1341 627 1407 Sed
648 1341 714 1420 fiat,
738 1343 766 1406 si
788 1343 876 1419 uelis,
899 1345 936 1405 ut
954 1341 1019 1422 ipse
1035 1358 1182 1424 propono.
1205 1342 1270 1407 Iste

140 1446 227 1527 panis
257 1446 472 1528 confringatur
501 1446 536 1510 in
558 1445 668 1522 frusta,
702 1444 880 1510 madidetur
903 1461 984 1526 aqua
1005 1448 1036 1509 et
1058 1445 1174 1508 iterum
1196 1462 1306 1508 con-ro

140 1550 314 1631 spargatur,
338 1549 486 1613 mittatur
509 1549 541 1613 in
564 1548 708 1613 furnum:
732 1549 758 1612 si
782 1548 890 1613 melior
913 1547 1031 1626 exierit,
1055 1546 1169 1612 faciam
1190 1567 1269 1631 quae

140 1641 296 1716 hortaris?
334 1651 435 1732 Quam
468 1652 707 1733 propositionem
731 1650 904 1716 Geisericus
939 1670 1011 1716 cum
1044 1650 1188 1716 omnibus
1215 1653 1269 1733 qui

141 1755 271 1818 aderant
294 1773 365 1818 oum
388 1753 536 1832 audisset,
559 1756 605 1820 ita
620 1756 736 1837 ligatus
752 1759 808 1832 est,
832 1759 867 1819 ut
882 1774 915 1818 se
931 1755 1051 1819 soluere
1066 1756 1190 1819 omnino
1207 1774 1269 1820 non

139 1859 251 1938 posset.
281 1855 380 1934 Quem
403 1857 484 1921 alius
506 1857 627 1938 generis
643 1859 827 1939 argumento
843 1859 952 1940 postea
966 1857 1148 1922 bellicosum
1163 1856 1270 1922 uirum

140 1960 262 2025 occidit.
655 1998 657 2002 ι
888 1998 889 2002 =
1280 1981 1305 2020 re

88 2079 129 2143 22
184 2081 222 2164 (Ι,
241 2079 274 2164 7)
300 2082 342 2144 nt
369 2087 405 2144 ut
434 2079 474 2144 ad
506 2080 539 2145 id
562 2083 732 2154 redeamus,
767 2083 847 2145 unde
870 2080 1001 2164 digressi
1024 2099 1140 2152 sumus,
1172 2082 1270 2146 terret

140 2185 314 2265 praeceptis
330 2184 492 2262 feralibus,
507 2188 544 2247 ut
559 2183 593 2246 in
609 2186 710 2247 medio
725 2182 960 2248 Uuandalorum
975 2184 1073 2248 nostri
1086 2185 1269 2248 nullatenus

138 2285 327 2368 respirarent
357 2305 457 2368 neque
479 2303 613 2367 usquam
636 2286 745 2350 orandi
766 2291 821 2351 aut
844 2286 1026 2351 immolandi
1049 2287 1270 2351 concederetur

138 2388 336 2472 gementibus
369 2389 465 2464 loeus,
501 2393 537 2451 ut
570 2388 736 2453 manifeste
769 2393 845 2454 tune
878 2390 1059 2472 prophetiae
1081 2389 1268 2455 uaticinium

139 2491 354 2573 conpleretur:
393 2509 466 2555 non
503 2493 562 2556 est
598 2495 636 2556 in
669 2492 738 2556 hoc
770 2497 949 2577 tempore
983 2495 1165 2575 princeps
1201 2495 1306 2558 anteo

138 2594 331 2677 propheta
364 2593 427 2658 uel
460 2592 548 2675 dur,
584 2613 708 2677 neque
741 2596 851 2661 locus
884 2597 928 2661 ad
952 2595 1269 2661 sacrificandum

138 2698 288 2762 nomini
310 2699 386 2762 tuo.
410 2696 494 2762 Nam
517 2701 548 2761 et
571 2697 911 2764 diuersae‘calumniae
932 2717 994 2764 non
1009 2701 1138 2764 deerant
1153 2699 1268 2763 cotidie

139 2799 235 2864 etiam
267 2800 331 2865 illis
365 2801 588 2873 sacerdotibus,
622 2803 675 2884 qui
708 2803 741 2866 iu
776 2802 826 2866 his
849 2802 1030 2885 regionibus
1052 2804 1269 2886 narrabantur,

139 2918 217 2984 quae
234 2902 373 2985 regiones
388 2905 504 2986 palatio
519 2904 640 2970 tributa
656 2905 839 2987 pendebant.
857 2906 901 2970 Ut
916 2905 944 2969 si
956 2905 1086 2971 forsitan
1100 2904 1267 2987 quispiam,

137 3007 174 3070 ut
205 3008 301 3071 moris
334 3008 399 3085 est,
437 3008 512 3072 dum
551 3007 601 3072 dei
633 3008 783 3090 populum
817 3010 1023 3088 ammoneret,
1061 3008 1267 3089 Pharaonem,
1279 3032 1306 3076 re

236 3209 253 3261 3
270 3207 315 3264 Ps.
336 3210 377 3274 65,
397 3209 437 3262 12.
541 3210 575 3262 20
593 3210 660 3265 Dan.
680 3211 704 3273 3,
723 3210 764 3263 38.

189 3397 209 3458 1Ὶ
222 3395 352 3465 spledoris
370 3397 398 3450 P
497 3397 600 3450 ueniret
619 3398 635 3464 β
740 3396 756 3448 2
777 3396 907 3464 spurcitia
925 3399 1039 3466 scripsi.-
1058 3399 1149 3468 spuria
1166 3415 1222 3454 osse
1240 3407 1269 3455 et

135 3483 219 3551 culpo
321 3483 699 3553 3.simu1aginis]eieBVL
802 3499 944 3552 conpersue
966 3487 1004 3540 W
1032 3502 1153 3554 conspers
1171 3487 1200 3540 P

135 3569 249 3622 bmala
279 3569 317 3624 W
425 3569 514 3623 crebro
543 3571 570 3624 P
682 3571 833 3640 dsimula]
860 3573 900 3625 sic
926 3572 1033 3627 BVOL
1146 3573 1269 3629 'lforno

135 3656 153 3724 β
245 3655 319 3724 dut]
338 3656 443 3727 quedl}
534 3656 567 3709 10
584 3656 686 3710 frustra
703 3657 778 3712 BVa
864 3659 1058 3713 madidetur&
1142 3673 1269 3729 conspar-

135 3743 251 3814 gaturfl
356 3743 390 3796 11.
407 3743 606 3797 etmittatnrb
702 3743 845 3812 fornumd
937 3744 1086 3813 faciamque
1103 3745 1143 3798 B¹
1167 3745 1270 3802 faciam

135 3827 206 3895 quod
223 3845 242 3882 o
346 3828 379 3881 13
396 3844 423 3882 se
440 3844 489 3882 om.
512 3829 552 3885 W
654 3829 686 3883 14
708 3844 866 3899 quemquem
884 3833 911 3884 P
1014 3832 1083 3885 alius
1101 3831 1268 3888 Loricbr'us:

135 3912 189 3966 alio
206 3929 259 3967 mas
321 3916 323 3921 '
363 3929 457 3982 genere
474 3916 628 3983 argumenti
647 3917 706 3970 Ma²
749 3950 751 3957 ι
808 3920 901 3984 postea
919 3931 967 3971 om.
988 3918 1015 3971 P
1120 3919 1152 3972 18
1169 3923 1267 3990 neque]

135 4013 169 4050 ne
191 3999 229 4053 W
252 4015 300 4053 nec
316 4016 335 4054 a
431 4001 464 4054 19
481 4000 556 4054 locus
574 4002 748 4069 gementibus
761 4018 780 4056 a
870 4004 1002 4057 uaticium
1019 4005 1047 4058 P
1140 4004 1175 4057 20
1191 4006 1270 4073 prin.-

135 4099 194 4152 ceps
212 4098 263 4139 om.
281 4086 310 4140 P
411 4086 445 4139 24
462 4086 606 4155 religiones
624 4086 738 4142 BV¹Oe
840 4092 872 4143 ut
889 4089 912 4143 si
929 4090 1050 4158 BuoW
1067 4093 1111 4158 (ut
1125 4110 1161 4138 =
1179 4093 1270 4160 uelut,

134 4169 246 4238 exempli
273 4174 386 4240 gratim:
414 4174 442 4226 et
464 4172 487 4226 si
514 4176 531 4240 β
635 4174 669 4228 25
695 4175 823 4243 populum
841 4175 883 4228 dei
905 4192 924 4228 a
1026 4179 1199 4248 ammoneret]
1227 4181 1271 4236 sic

134 4255 214 4324 Βφα
232 4256 282 4324 (ΙΙ,
300 4257 341 4321 28,
359 4257 462 4322 32435,
481 4258 528 4324 41;
546 4259 599 4326 III,
619 4261 646 4324 5)
750 4261 929 4329 pharahoirem
948 4262 964 4316 b
