2804 4830
148 1054 314 1169 Incipiunt
356 1085 480 1150 nomina
519 1086 728 1168 episcoporum
771 1086 992 1152 catholicorum
1035 1087 1224 1154 diuersarum

101 1189 347 1274 prouinciarum,
371 1188 424 1270 qui
440 1187 626 1271 Carthagine
644 1208 679 1252 ex
694 1190 855 1271 praecepte
878 1190 976 1272 regali
998 1193 1149 1256 uenerunt
1171 1209 1225 1274 pru

101 1293 263 1358 reddenda
295 1292 414 1357 ratione
445 1291 515 1355 fidei
550 1292 598 1356 die
624 1292 670 1354 iri
699 1291 881 1356 Februarias
914 1310 994 1357 anne
1028 1294 1111 1358 sextu
1144 1294 1224 1377 regis

104 1393 268 1460 Hunerici.

151 1547 286 1613 Nomina
319 1549 528 1629 episcoporum
562 1547 737 1630 prouinciae
770 1550 997 1630 proconsularis
1031 1553 1083 1617 uel
1112 1553 1165 1634 qui
1195 1555 1226 1619 in

105 1651 235 1716 exilium
259 1651 346 1715 missi
368 1654 449 1716 sunt.
551 1709 552 1713 ,

275 1789 291 1852 1
310 1787 468 1871 Eugenius
489 1786 750 1872 Carthaginiensis
772 1788 955 1854 Tamalleni.

309 1891 397 1955 Felix
418 1892 616 1957 Aboritanus.
650 1890 787 1955 exilium.

311 1996 428 2060 Paulus
452 1993 654 2060 Sinnarensis.
689 1992 827 2058 exilium.

310 2097 396 2162 Felix
419 2095 540 2162 Piensis
562 2096 692 2162 Corsica.
726 2094 795 2160 exil.

273 2200 470 2265 5Marianns
492 2197 738 2282 Hippnaritensis
765 2198 801 2260 ut
824 2198 868 2279 si.

310 2303 476 2367 Pasaasius
499 2301 683 2367 Gunelensis
705 2302 741 2365 ut
763 2298 808 2382 sir.

312 2402 477 2470 Saceenins
500 2404 660 2470 Uaalensis
682 2404 719 2466 ut
740 2401 808 2483 suf).

313 2506 488 2572 Bonifatius
510 2507 782 2572 Membresitanus.
817 2505 881 2588 fug.

311 2608 447 2674 Gulosus
469 2608 712 2675 Beneuentensis
735 2607 849 2674 carsii.

253 2713 294 2777 10
312 2713 486 2795 Reparatus
508 2714 737 2779 Utimmirensis
760 2718 796 2778 ut
819 2711 863 2797 sir.

313 2816 489 2880 Pastinatns
511 2815 707 2899 Puppitanus
729 2818 766 2880 nt
787 2817 832 2899 ef).

311 2918 486 3001 Reparatus
508 2918 743 3001 Puppianensis.

313 3020 555 3085 Fortunatianus
577 3021 775 3087 Araditanus.
809 3017 919 3085 (lensii.

311 3121 507 3188 Deumhabet
528 3124 698 3188 Thelensis.
731 3121 863 3190 Corsica.

253 3225 294 3289 15
311 3225 476 3290 Liberatus
499 3225 683 3292 Mullitanus
705 3226 741 3289 ut
763 3226 808 3308 si).

157 3479 352 3550 prenintiarum
370 3481 428 3535 A,
500 3481 582 3550 sexte]
601 3482 681 3536 immo
698 3483 805 3546 oetau03
832 3481 869 3548 ef.
888 3481 955 3536 Vter.
974 3480 1067 3547 HL!
1169 3496 1228 3550 pro·

105 3568 207 3622 uintiae
229 3567 257 3621 A
361 3566 555 3636 lTamalleni]
579 3568 652 3622 laurac
677 3567 764 3622 lesum
787 3567 879 3632 (turris
897 3566 1044 3622 Tamalleni
1063 3567 1131 3623 Itan.
1148 3567 1227 3632 Ant.)
1320 3603 1325 3610 -

106 3654 264 3710 Ruinartus
280 3653 396 3722 parmate
414 3652 540 3718 confudit
558 3654 746 3707 aemunitate
764 3652 974 3706 Tamallumensi
993 3653 1076 3719 (Viae.
1093 3653 1158 3717 111,
1176 3655 1227 3720 45,-

105 3740 172 3794 Not.
191 3740 258 3810 Byr.
280 3741 342 3806 55).-
366 3740 401 3805 ef.
419 3738 484 3795 Not.
501 3739 611 3809 Daunii.
629 3745 692 3795 sect.
712 3739 752 3807 L,
769 3739 817 3793 abi
833 3738 1047 3808 diutinumaatar
1063 3738 1228 3807 praepositus

105 3825 203 3880 limitis
226 3824 421 3880 Thamallensie
445 3830 472 3879 et
494 3840 581 3894 praep.
605 3825 662 3880 lim.
686 3824 923 3879 Thamallomensis
1025 3824 1042 3877 2
1066 3823 1228 3879 alberitanus

105 3912 179 3966 euni.
201 3911 304 3968 nem.-
330 3910 485 3966 abaritanus
506 3912 548 3980 A?
577 3911 752 3965 Abaritanam
774 3910 940 3979 prouinciam
963 3910 1074 3976 ramas,
1101 3909 1229 3979 oppidum

105 3997 241 4054 amalraus
342 3998 359 4052 5
384 3997 591 4066 hipnarintensis
617 3997 652 4050 Η
751 3997 767 4051 6
790 3996 970 4065 gunelmeneia
988 3995 1022 4049 H
1122 3995 1230 4054 iunia·

105 4082 187 4138 lensis
204 4083 267 4138 ΑΗ
359 4083 622 4139 8membrusitanus
638 4084 666 4137 A
768 4082 973 4137 9benentensis
990 4081 1025 4135 H
1127 4083 1160 4137 10
1177 4084 1229 4140 uri-

105 4167 216 4223 miensis
233 4170 268 4223 Η

1272 4328 1360 4512 Ι
