<?xml version="1.0" encoding="UTF-8"?>
<!DOCTYPE html PUBLIC "-//W3C//DTD XHTML 1.0 Transitional//EN"
    "http://www.w3.org/TR/xhtml1/DTD/xhtml1-transitional.dtd">
<html xmlns="http://www.w3.org/1999/xhtml" xml:lang="en" lang="en">
 <head>
  <title>
</title>
<meta http-equiv="Content-Type" content="text/html;charset=utf-8" />
  <meta name='ocr-system' content='tesseract 3.04.00' />
  <meta name='ocr-capabilities' content='ocr_page ocr_carea ocr_par ocr_line ocrx_word'/>
</head>
<body>
  <div class='ocr_page' id='page_1' title='image "./victorisepiscop01victgoog_0135.png"; bbox 0 0 2804 4830; ppageno 0'>
   <div class='ocr_carea' id='block_1_1' title="bbox 147 291 911 368">
    <p class='ocr_par' dir='ltr' id='par_1_1' title="bbox 147 291 911 368">
     <span class='ocr_line' id='line_1_1' title="bbox 147 291 911 368; baseline -0.007 -13"><span class='ocrx_word' id='word_1_1' title='bbox 147 303 207 368; x_wconf 85' lang='grc'><strong>106</strong></span> <span class='ocrx_word' id='word_1_2' title='bbox 544 297 696 352; x_wconf 87' lang='lat' dir='ltr'><strong>Uictoris</strong></span> <span class='ocrx_word' id='word_1_3' title='bbox 715 297 869 352; x_wconf 85' lang='lat' dir='ltr'><strong>Uitensis</strong></span> <span class='ocrx_word' id='word_1_4' title='bbox 907 291 911 299; x_wconf 76' lang='grc'><strong>’</strong></span> 
     </span>
    </p>
   </div>
   <div class='ocr_carea' id='block_1_2' title="bbox 143 489 1294 1188">
    <p class='ocr_par' dir='ltr' id='par_1_2' title="bbox 143 489 1294 1188">
     <span class='ocr_line' id='line_1_2' title="bbox 144 489 1262 572; baseline -0.005 -15"><span class='ocrx_word' id='word_1_5' title='bbox 144 490 263 557; x_wconf 86' lang='lat' dir='ltr'><strong>alletu</strong></span> <span class='ocrx_word' id='word_1_6' title='bbox 287 492 370 570; x_wconf 88' lang='lat' dir='ltr'><strong>eius,</strong></span> <span class='ocrx_word' id='word_1_7' title='bbox 399 490 472 572; x_wconf 86' lang='lat' dir='ltr'><strong>quia</strong></span> <span class='ocrx_word' id='word_1_8' title='bbox 500 490 607 553; x_wconf 90' lang='lat' dir='ltr'><strong>sedit</strong></span> <span class='ocrx_word' id='word_1_9' title='bbox 634 489 740 552; x_wconf 88' lang='lat' dir='ltr'><strong>inter</strong></span> <span class='ocrx_word' id='word_1_10' title='bbox 765 489 901 570; x_wconf 88' lang='lat' dir='ltr'><strong>gentes</strong></span> <span class='ocrx_word' id='word_1_11' title='bbox 930 493 967 553; x_wconf 86' lang='lat' dir='ltr'><strong>et</strong></span> <span class='ocrx_word' id='word_1_12' title='bbox 994 491 1165 570; x_wconf 82' lang='lat' dir='ltr'><strong>requiem</strong></span> <span class='ocrx_word' id='word_1_13' title='bbox 1193 506 1262 552; x_wconf 92' lang='lat' dir='ltr'><strong>non</strong></span> 
     </span>
     <span class='ocr_line' id='line_1_3' title="bbox 143 590 1263 675; baseline -0.003 -17"><span class='ocrx_word' id='word_1_14' title='bbox 143 593 315 671; x_wconf 89' lang='lat' dir='ltr'><strong>inuenit,</strong></span> <span class='ocrx_word' id='word_1_15' title='bbox 337 612 406 657; x_wconf 92' lang='lat' dir='ltr'><strong>neo</strong></span> <span class='ocrx_word' id='word_1_16' title='bbox 429 595 489 657; x_wconf 86' lang='lat' dir='ltr'><strong>est</strong></span> <span class='ocrx_word' id='word_1_17' title='bbox 512 593 577 675; x_wconf 91' lang='lat' dir='ltr'><strong>qui</strong></span> <span class='ocrx_word' id='word_1_18' title='bbox 599 591 831 656; x_wconf 76' lang='lat' dir='ltr'><strong>consoletur</strong></span> <span class='ocrx_word' id='word_1_19' title='bbox 854 609 944 656; x_wconf 88' lang='lat' dir='ltr'><strong>earn.</strong></span> <span class='ocrx_word' id='word_1_20' title='bbox 975 590 1136 672; x_wconf 82' lang='lat' dir='ltr'><strong>Quaesiuit</strong></span> <span class='ocrx_word' id='word_1_21' title='bbox 1159 608 1263 673; x_wconf 88' lang='lat' dir='ltr'><strong>apar-</strong></span> 
     </span>
     <span class='ocr_line' id='line_1_4' title="bbox 144 692 1262 777; baseline -0.004 -17"><span class='ocrx_word' id='word_1_22' title='bbox 144 696 229 762; x_wconf 88' lang='lat' dir='ltr'><strong>tibus</strong></span> <span class='ocrx_word' id='word_1_23' title='bbox 253 695 389 761; x_wconf 80' lang='lat' dir='ltr'><strong>Orientis</strong></span> <span class='ocrx_word' id='word_1_24' title='bbox 412 697 477 777; x_wconf 90' lang='lat' dir='ltr'><strong>qui</strong></span> <span class='ocrx_word' id='word_1_25' title='bbox 505 695 626 759; x_wconf 91' lang='lat' dir='ltr'><strong>simul</strong></span> <span class='ocrx_word' id='word_1_26' title='bbox 656 694 985 772; x_wconf 84' lang='lat' dir='ltr'><strong>contristaretur,</strong></span> <span class='ocrx_word' id='word_1_27' title='bbox 1016 695 1055 759; x_wconf 86' lang='lat' dir='ltr'><strong>et</strong></span> <span class='ocrx_word' id='word_1_28' title='bbox 1074 712 1147 758; x_wconf 90' lang='lat' dir='ltr'><strong>non</strong></span> <span class='ocrx_word' id='word_1_29' title='bbox 1169 692 1262 775; x_wconf 88' lang='lat' dir='ltr'><strong>fuit,</strong></span> 
     </span>
     <span class='ocr_line' id='line_1_5' title="bbox 145 796 1265 876; baseline -0.003 -13"><span class='ocrx_word' id='word_1_30' title='bbox 145 800 184 864; x_wconf 90' lang='lat' dir='ltr'><strong>et</strong></span> <span class='ocrx_word' id='word_1_31' title='bbox 212 799 496 876; x_wconf 75' lang='lat' dir='ltr'><strong>consolantem,</strong></span> <span class='ocrx_word' id='word_1_32' title='bbox 526 797 864 875; x_wconf 76' lang='lat' dir='ltr'><strong>circumuenit,</strong></span> <span class='ocrx_word' id='word_1_33' title='bbox 897 796 984 861; x_wconf 91' lang='lat' dir='ltr'><strong>dum</strong></span> <span class='ocrx_word' id='word_1_34' title='bbox 1012 797 1265 861; x_wconf 77' lang='lat' dir='ltr'><strong>manducaret</strong></span> 
     </span>
     <span class='ocr_line' id='line_1_6' title="bbox 144 899 1294 981; baseline -0.005 -16"><span class='ocrx_word' id='word_1_35' title='bbox 144 900 183 964; x_wconf 94' lang='lat' dir='ltr'><strong>in</strong></span> <span class='ocrx_word' id='word_1_36' title='bbox 207 919 296 965; x_wconf 88' lang='lat' dir='ltr'><strong>esca</strong></span> <span class='ocrx_word' id='word_1_37' title='bbox 318 920 385 965; x_wconf 92' lang='lat' dir='ltr'><strong>sua</strong></span> <span class='ocrx_word' id='word_1_38' title='bbox 409 901 463 964; x_wconf 85' lang='lat' dir='ltr'><strong>fel</strong></span> <span class='ocrx_word' id='word_1_39' title='bbox 486 901 523 964; x_wconf 87' lang='lat' dir='ltr'><strong>et</strong></span> <span class='ocrx_word' id='word_1_40' title='bbox 544 901 583 964; x_wconf 93' lang='lat' dir='ltr'><strong>in</strong></span> <span class='ocrx_word' id='word_1_41' title='bbox 599 899 757 964; x_wconf 89' lang='lat' dir='ltr'><strong>sitisua</strong></span> <span class='ocrx_word' id='word_1_42' title='bbox 779 903 992 981; x_wconf 85' lang='lat' dir='ltr'><strong>potaretur</strong></span> <span class='ocrx_word' id='word_1_43' title='bbox 1011 903 1137 978; x_wconf 80' lang='lat' dir='ltr'><strong>aceto,</strong></span> <span class='ocrx_word' id='word_1_44' title='bbox 1161 899 1294 980; x_wconf 70' lang='lat' dir='ltr'><strong>sponsis</strong></span> 
     </span>
     <span class='ocr_line' id='line_1_7' title="bbox 144 1001 1266 1086; baseline -0.001 -19"><span class='ocrx_word' id='word_1_45' title='bbox 144 1006 176 1067; x_wconf 88' lang='lat' dir='ltr'><strong>et</strong></span> <span class='ocrx_word' id='word_1_46' title='bbox 199 1001 314 1068; x_wconf 87' lang='lat' dir='ltr'><strong>domini</strong></span> <span class='ocrx_word' id='word_1_47' title='bbox 336 1004 385 1068; x_wconf 90' lang='lat' dir='ltr'><strong>sui</strong></span> <span class='ocrx_word' id='word_1_48' title='bbox 407 1005 565 1086; x_wconf 87' lang='lat' dir='ltr'><strong>passiones</strong></span> <span class='ocrx_word' id='word_1_49' title='bbox 587 1001 751 1082; x_wconf 87' lang='lat' dir='ltr'><strong>imitando,</strong></span> <span class='ocrx_word' id='word_1_50' title='bbox 781 1003 846 1084; x_wconf 91' lang='lat' dir='ltr'><strong>qui</strong></span> <span class='ocrx_word' id='word_1_51' title='bbox 868 1002 1021 1067; x_wconf 92' lang='lat' dir='ltr'><strong>idcirco</strong></span> <span class='ocrx_word' id='word_1_52' title='bbox 1044 1019 1185 1084; x_wconf 91' lang='lat' dir='ltr'><strong>passus</strong></span> <span class='ocrx_word' id='word_1_53' title='bbox 1208 1005 1266 1066; x_wconf 91' lang='lat' dir='ltr'><strong>est</strong></span> 
     </span>
     <span class='ocr_line' id='line_1_8' title="bbox 144 1106 885 1188; baseline -0.001 -18"><span class='ocrx_word' id='word_1_54' title='bbox 144 1124 214 1188; x_wconf 92' lang='lat' dir='ltr'><strong>pro</strong></span> <span class='ocrx_word' id='word_1_55' title='bbox 238 1126 291 1187; x_wconf 86' lang='lat' dir='ltr'><strong>ea,</strong></span> <span class='ocrx_word' id='word_1_56' title='bbox 314 1110 355 1171; x_wconf 87' lang='lat' dir='ltr'><strong>ut</strong></span> <span class='ocrx_word' id='word_1_57' title='bbox 377 1110 572 1188; x_wconf 89' lang='lat' dir='ltr'><strong>sequatur</strong></span> <span class='ocrx_word' id='word_1_58' title='bbox 595 1106 770 1188; x_wconf 89' lang='lat' dir='ltr'><strong>uestigia</strong></span> <span class='ocrx_word' id='word_1_59' title='bbox 793 1107 885 1170; x_wconf 90' lang='lat' dir='ltr'><strong>eius.</strong></span> 
     </span>
    </p>
   </div>
   <div class='ocr_carea' id='block_1_3' title="bbox 89 1224 1299 2853">
    <p class='ocr_par' dir='ltr' id='par_1_3' title="bbox 93 1224 1298 1927">
     <span class='ocr_line' id='line_1_9' title="bbox 93 1224 1266 1310; baseline -0.004 -16"><span class='ocrx_word' id='word_1_60' title='bbox 93 1227 134 1294; x_wconf 83' lang='lat'><strong>69</strong></span> <span class='ocrx_word' id='word_1_61' title='bbox 188 1227 241 1310; x_wconf 87' lang='lat' dir='ltr'><strong>(V,</strong></span> <span class='ocrx_word' id='word_1_62' title='bbox 258 1227 311 1309; x_wconf 82' lang='lat'><strong>20)</strong></span> <span class='ocrx_word' id='word_1_63' title='bbox 335 1225 552 1308; x_wconf 89' lang='lat' dir='ltr'><strong>Dopreoamini</strong></span> <span class='ocrx_word' id='word_1_64' title='bbox 576 1224 788 1307; x_wconf 82' lang='lat' dir='ltr'><strong>patriarchae,</strong></span> <span class='ocrx_word' id='word_1_65' title='bbox 812 1225 849 1288; x_wconf 93' lang='lat' dir='ltr'><strong>de</strong></span> <span class='ocrx_word' id='word_1_66' title='bbox 872 1242 1002 1307; x_wconf 88' lang='lat' dir='ltr'><strong>quorum</strong></span> <span class='ocrx_word' id='word_1_67' title='bbox 1023 1225 1119 1306; x_wconf 82' lang='lat' dir='ltr'><strong>stirpe</strong></span> <span class='ocrx_word' id='word_1_68' title='bbox 1140 1225 1266 1309; x_wconf 90' lang='lat' dir='ltr'><strong>generis</strong></span> 
     </span>
     <span class='ocr_line' id='line_1_10' title="bbox 144 1328 1265 1412; baseline -0.004 -15"><span class='ocrx_word' id='word_1_69' title='bbox 144 1333 217 1397; x_wconf 88' lang='lat' dir='ltr'><strong>nata</strong></span> <span class='ocrx_word' id='word_1_70' title='bbox 240 1333 289 1395; x_wconf 89' lang='lat' dir='ltr'><strong>est</strong></span> <span class='ocrx_word' id='word_1_71' title='bbox 317 1349 396 1412; x_wconf 92' lang='lat' dir='ltr'><strong>quae</strong></span> <span class='ocrx_word' id='word_1_72' title='bbox 418 1349 502 1394; x_wconf 92' lang='lat' dir='ltr'><strong>nunc</strong></span> <span class='ocrx_word' id='word_1_73' title='bbox 524 1330 644 1395; x_wconf 91' lang='lat' dir='ltr'><strong>laborat</strong></span> <span class='ocrx_word' id='word_1_74' title='bbox 666 1330 698 1393; x_wconf 94' lang='lat' dir='ltr'><strong>in</strong></span> <span class='ocrx_word' id='word_1_75' title='bbox 721 1328 828 1405; x_wconf 85' lang='lat' dir='ltr'><strong>terris;</strong></span> <span class='ocrx_word' id='word_1_76' title='bbox 859 1331 945 1393; x_wconf 86' lang='lat' dir='ltr'><strong>orate</strong></span> <span class='ocrx_word' id='word_1_77' title='bbox 968 1330 1064 1392; x_wconf 90' lang='lat' dir='ltr'><strong>sancti</strong></span> <span class='ocrx_word' id='word_1_78' title='bbox 1086 1328 1265 1411; x_wconf 79' lang='lat' dir='ltr'><strong>prophetae,</strong></span> 
     </span>
     <span class='ocr_line' id='line_1_11' title="bbox 144 1431 1298 1518; baseline -0.008 -20"><span class='ocrx_word' id='word_1_79' title='bbox 144 1435 363 1518; x_wconf 80' lang='lat' dir='ltr'><strong>cognoscentes</strong></span> <span class='ocrx_word' id='word_1_80' title='bbox 401 1432 578 1511; x_wconf 85' lang='lat' dir='ltr'><strong>adflictam,</strong></span> <span class='ocrx_word' id='word_1_81' title='bbox 617 1450 711 1514; x_wconf 90' lang='lat' dir='ltr'><strong>quam</strong></span> <span class='ocrx_word' id='word_1_82' title='bbox 747 1439 836 1495; x_wconf 85' lang='lat' dir='ltr'><strong>antea</strong></span> <span class='ocrx_word' id='word_1_83' title='bbox 873 1431 1064 1495; x_wconf 89' lang='lat' dir='ltr'><strong>uaticinante</strong></span> <span class='ocrx_word' id='word_1_84' title='bbox 1100 1431 1264 1514; x_wconf 90' lang='lat' dir='ltr'><strong>praeconio</strong></span> <span class='ocrx_word' id='word_1_85' title='bbox 1276 1452 1298 1490; x_wconf 82' lang='lat' dir='ltr'><strong>ro</strong></span> 
     </span>
     <span class='ocr_line' id='line_1_12' title="bbox 144 1535 1266 1620; baseline -0.003 -18"><span class='ocrx_word' id='word_1_86' title='bbox 144 1536 313 1615; x_wconf 81' lang='lat' dir='ltr'><strong>cecinistis3</strong></span> <span class='ocrx_word' id='word_1_87' title='bbox 338 1539 437 1600; x_wconf 91' lang='lat' dir='ltr'><strong>estote</strong></span> <span class='ocrx_word' id='word_1_88' title='bbox 461 1536 593 1618; x_wconf 90' lang='lat' dir='ltr'><strong>apostoli</strong></span> <span class='ocrx_word' id='word_1_89' title='bbox 615 1535 833 1620; x_wconf 89' lang='lat' dir='ltr'><strong>suffragatores</strong></span> <span class='ocrx_word' id='word_1_90' title='bbox 857 1536 938 1612; x_wconf 89' lang='lat' dir='ltr'><strong>eius,</strong></span> <span class='ocrx_word' id='word_1_91' title='bbox 966 1553 1059 1616; x_wconf 92' lang='lat' dir='ltr'><strong>quam</strong></span> <span class='ocrx_word' id='word_1_92' title='bbox 1081 1535 1118 1598; x_wconf 90' lang='lat' dir='ltr'><strong>ut</strong></span> <span class='ocrx_word' id='word_1_93' title='bbox 1141 1553 1266 1618; x_wconf 87' lang='lat' dir='ltr'><strong>congre·</strong></span> 
     </span>
     <span class='ocr_line' id='line_1_13' title="bbox 144 1637 1266 1722; baseline -0.001 -19"><span class='ocrx_word' id='word_1_94' title='bbox 144 1639 269 1722; x_wconf 83' lang='lat' dir='ltr'><strong>geretis,</strong></span> <span class='ocrx_word' id='word_1_95' title='bbox 293 1640 475 1703; x_wconf 89' lang='lat' dir='ltr'><strong>uniuersum</strong></span> <span class='ocrx_word' id='word_1_96' title='bbox 498 1639 604 1702; x_wconf 90' lang='lat' dir='ltr'><strong>orbem</strong></span> <span class='ocrx_word' id='word_1_97' title='bbox 628 1640 812 1703; x_wconf 89' lang='lat' dir='ltr'><strong>ascendente</strong></span> <span class='ocrx_word' id='word_1_98' title='bbox 836 1638 869 1700; x_wconf 92' lang='lat' dir='ltr'><strong>in</strong></span> <span class='ocrx_word' id='word_1_99' title='bbox 884 1637 973 1702; x_wconf 92' lang='lat' dir='ltr'><strong>uobis</strong></span> <span class='ocrx_word' id='word_1_100' title='bbox 990 1638 1114 1702; x_wconf 92' lang='lat' dir='ltr'><strong>domino</strong></span> <span class='ocrx_word' id='word_1_101' title='bbox 1136 1639 1173 1702; x_wconf 94' lang='lat' dir='ltr'><strong>ut</strong></span> <span class='ocrx_word' id='word_1_102' title='bbox 1196 1640 1266 1722; x_wconf 88' lang='lat' dir='ltr'><strong>equi</strong></span> 
     </span>
     <span class='ocr_line' id='line_1_14' title="bbox 143 1741 1265 1823; baseline -0.002 -17"><span class='ocrx_word' id='word_1_103' title='bbox 143 1742 333 1807; x_wconf 91' lang='lat' dir='ltr'><strong>uelocissimi</strong></span> <span class='ocrx_word' id='word_1_104' title='bbox 354 1742 539 1807; x_wconf 88' lang='lat' dir='ltr'><strong>cursitastis.</strong></span> <span class='ocrx_word' id='word_1_105' title='bbox 577 1742 745 1823; x_wconf 89' lang='lat' dir='ltr'><strong>Praecipue</strong></span> <span class='ocrx_word' id='word_1_106' title='bbox 768 1743 812 1818; x_wconf 82' lang='lat' dir='ltr'><strong>tu,</strong></span> <span class='ocrx_word' id='word_1_107' title='bbox 835 1743 927 1806; x_wconf 86' lang='lat' dir='ltr'><strong>Patre</strong></span> <span class='ocrx_word' id='word_1_108' title='bbox 949 1741 1050 1823; x_wconf 89' lang='lat' dir='ltr'><strong>beate,</strong></span> <span class='ocrx_word' id='word_1_109' title='bbox 1075 1760 1169 1823; x_wconf 89' lang='lat' dir='ltr'><strong>quare</strong></span> <span class='ocrx_word' id='word_1_110' title='bbox 1192 1741 1265 1806; x_wconf 89' lang='lat' dir='ltr'><strong>siles</strong></span> 
     </span>
     <span class='ocr_line' id='line_1_15' title="bbox 143 1843 1265 1927; baseline 0 -19"><span class='ocrx_word' id='word_1_111' title='bbox 143 1863 198 1927; x_wconf 90' lang='lat' dir='ltr'><strong>pro</strong></span> <span class='ocrx_word' id='word_1_112' title='bbox 220 1844 330 1910; x_wconf 88' lang='lat' dir='ltr'><strong>ouibus</strong></span> <span class='ocrx_word' id='word_1_113' title='bbox 354 1849 385 1908; x_wconf 90' lang='lat' dir='ltr'><strong>et</strong></span> <span class='ocrx_word' id='word_1_114' title='bbox 409 1845 498 1926; x_wconf 80' lang='lat' dir='ltr'><strong>agnis</strong></span> <span class='ocrx_word' id='word_1_115' title='bbox 522 1844 713 1910; x_wconf 89' lang='lat' dir='ltr'><strong>acommuni</strong></span> <span class='ocrx_word' id='word_1_116' title='bbox 736 1843 859 1909; x_wconf 90' lang='lat' dir='ltr'><strong>domino</strong></span> <span class='ocrx_word' id='word_1_117' title='bbox 882 1862 996 1924; x_wconf 87' lang='lat' dir='ltr'><strong>magna</strong></span> <span class='ocrx_word' id='word_1_118' title='bbox 1010 1843 1068 1908; x_wconf 91' lang='lat' dir='ltr'><strong>tibi</strong></span> <span class='ocrx_word' id='word_1_119' title='bbox 1090 1844 1212 1908; x_wconf 88' lang='lat' dir='ltr'><strong>cautela</strong></span> <span class='ocrx_word' id='word_1_120' title='bbox 1234 1845 1265 1908; x_wconf 91' lang='lat' dir='ltr'><strong>et</strong></span> 
     </span>
    </p>

    <p class='ocr_par' dir='ltr' id='par_1_4' title="bbox 89 1947 1297 2341">
     <span class='ocr_line' id='line_1_16' title="bbox 89 1947 1297 2030; baseline 0 -18"><span class='ocrx_word' id='word_1_121' title='bbox 89 1967 92 1972; x_wconf 91' lang='lat'>·</span> <span class='ocrx_word' id='word_1_122' title='bbox 144 1948 353 2013; x_wconf 89' lang='lat' dir='ltr'><strong>sollicitudine</strong></span> <span class='ocrx_word' id='word_1_123' title='bbox 369 1947 606 2013; x_wconf 74' lang='lat' dir='ltr'><strong>conmendatis?</strong></span> <span class='ocrx_word' id='word_1_124' title='bbox 628 1947 684 2022; x_wconf 77' lang='lat' dir='ltr'><strong>Tu,</strong></span> <span class='ocrx_word' id='word_1_125' title='bbox 704 1950 811 2010; x_wconf 90' lang='lat' dir='ltr'><strong>sancte</strong></span> <span class='ocrx_word' id='word_1_126' title='bbox 823 1947 929 2026; x_wconf 84' lang='lat' dir='ltr'><strong>Paule,</strong></span> <span class='ocrx_word' id='word_1_127' title='bbox 945 1947 1088 2030; x_wconf 90' lang='lat' dir='ltr'><strong>gentium</strong></span> <span class='ocrx_word' id='word_1_128' title='bbox 1103 1947 1264 2028; x_wconf 86' lang='lat' dir='ltr'><strong>magister,</strong></span> <span class='ocrx_word' id='word_1_129' title='bbox 1275 1973 1297 2012; x_wconf 69' lang='grc' dir='ltr'><strong>ιι</strong></span> 
     </span>
     <span class='ocr_line' id='line_1_17' title="bbox 144 2049 1265 2132; baseline -0.002 -18"><span class='ocrx_word' id='word_1_130' title='bbox 144 2050 197 2132; x_wconf 89' lang='lat' dir='ltr'><strong>qui</strong></span> <span class='ocrx_word' id='word_1_131' title='bbox 230 2049 275 2115; x_wconf 86' lang='lat' dir='ltr'><strong>ab</strong></span> <span class='ocrx_word' id='word_1_132' title='bbox 305 2049 556 2115; x_wconf 89' lang='lat' dir='ltr'><strong>Hierusalem</strong></span> <span class='ocrx_word' id='word_1_133' title='bbox 594 2068 713 2130; x_wconf 88' lang='lat' dir='ltr'><strong>usque</strong></span> <span class='ocrx_word' id='word_1_134' title='bbox 750 2052 794 2113; x_wconf 94' lang='lat' dir='ltr'><strong>ad</strong></span> <span class='ocrx_word' id='word_1_135' title='bbox 824 2049 1039 2130; x_wconf 85' lang='lat' dir='ltr'><strong>Illyricum</strong></span> <span class='ocrx_word' id='word_1_136' title='bbox 1076 2049 1265 2132; x_wconf 89' lang='lat' dir='ltr'><strong>praedicasti</strong></span> 
     </span>
     <span class='ocr_line' id='line_1_18' title="bbox 145 2151 1266 2236; baseline -0.001 -19"><span class='ocrx_word' id='word_1_137' title='bbox 145 2153 341 2236; x_wconf 91' lang='lat' dir='ltr'><strong>euangelium</strong></span> <span class='ocrx_word' id='word_1_138' title='bbox 363 2154 427 2235; x_wconf 84' lang='lat' dir='ltr'><strong>dei,</strong></span> <span class='ocrx_word' id='word_1_139' title='bbox 457 2170 603 2236; x_wconf 87' lang='lat' dir='ltr'><strong>cognosce</strong></span> <span class='ocrx_word' id='word_1_140' title='bbox 632 2152 706 2234; x_wconf 91' lang='lat' dir='ltr'><strong>quid</strong></span> <span class='ocrx_word' id='word_1_141' title='bbox 728 2151 886 2217; x_wconf 89' lang='lat' dir='ltr'><strong>Uuandali</strong></span> <span class='ocrx_word' id='word_1_142' title='bbox 917 2151 1037 2216; x_wconf 81' lang='lat' dir='ltr'><strong>faciunt</strong></span> <span class='ocrx_word' id='word_1_143' title='bbox 1066 2152 1206 2229; x_wconf 87' lang='lat' dir='ltr'><strong>Arriani,</strong></span> <span class='ocrx_word' id='word_1_144' title='bbox 1235 2155 1266 2216; x_wconf 90' lang='lat' dir='ltr'><strong>et</strong></span> 
     </span>
     <span class='ocr_line' id='line_1_19' title="bbox 142 2254 1267 2341; baseline -0.003 -20"><span class='ocrx_word' id='word_1_145' title='bbox 142 2257 201 2322; x_wconf 90' lang='lat' dir='ltr'><strong>filii</strong></span> <span class='ocrx_word' id='word_1_146' title='bbox 216 2259 264 2322; x_wconf 88' lang='lat' dir='ltr'><strong>tui</strong></span> <span class='ocrx_word' id='word_1_147' title='bbox 283 2264 413 2341; x_wconf 90' lang='lat' dir='ltr'><strong>gemunt</strong></span> <span class='ocrx_word' id='word_1_148' title='bbox 428 2259 561 2341; x_wconf 90' lang='lat' dir='ltr'><strong>lugendo</strong></span> <span class='ocrx_word' id='word_1_149' title='bbox 581 2257 716 2338; x_wconf 87' lang='lat' dir='ltr'><strong>captiui;</strong></span> <span class='ocrx_word' id='word_1_150' title='bbox 734 2257 932 2338; x_wconf 86' lang='lat' dir='ltr'><strong>uniuersique</strong></span> <span class='ocrx_word' id='word_1_151' title='bbox 947 2255 1150 2338; x_wconf 88' lang='lat' dir='ltr'><strong>ingemescitc</strong></span> <span class='ocrx_word' id='word_1_152' title='bbox 1165 2254 1267 2319; x_wconf 87' lang='lat' dir='ltr'><strong>sancti</strong></span> 
     </span>
    </p>

    <p class='ocr_par' dir='ltr' id='par_1_5' title="bbox 93 2357 1299 2853">
     <span class='ocr_line' id='line_1_20' title="bbox 93 2357 1265 2443; baseline 0 -21"><span class='ocrx_word' id='word_1_153' title='bbox 93 2357 135 2423; x_wconf 81' lang='lat'><strong>70</strong></span> <span class='ocrx_word' id='word_1_154' title='bbox 144 2359 240 2424; x_wconf 90' lang='lat' dir='ltr'><strong>simul</strong></span> <span class='ocrx_word' id='word_1_155' title='bbox 261 2380 317 2443; x_wconf 92' lang='lat' dir='ltr'><strong>pro</strong></span> <span class='ocrx_word' id='word_1_156' title='bbox 340 2360 429 2425; x_wconf 92' lang='lat' dir='ltr'><strong>nobis</strong></span> <span class='ocrx_word' id='word_1_157' title='bbox 454 2359 595 2441; x_wconf 89' lang='lat' dir='ltr'><strong>apostoli.</strong></span> <span class='ocrx_word' id='word_1_158' title='bbox 621 2358 679 2424; x_wconf 85' lang='lat' dir='ltr'><strong>Sed</strong></span> <span class='ocrx_word' id='word_1_159' title='bbox 701 2359 816 2422; x_wconf 89' lang='lat' dir='ltr'><strong>scimus</strong></span> <span class='ocrx_word' id='word_1_160' title='bbox 839 2360 912 2441; x_wconf 90' lang='lat' dir='ltr'><strong>quia</strong></span> <span class='ocrx_word' id='word_1_161' title='bbox 926 2357 1088 2442; x_wconf 90' lang='lat' dir='ltr'><strong>indignum</strong></span> <span class='ocrx_word' id='word_1_162' title='bbox 1113 2361 1161 2422; x_wconf 89' lang='lat' dir='ltr'><strong>est</strong></span> <span class='ocrx_word' id='word_1_163' title='bbox 1177 2357 1265 2422; x_wconf 89' lang='lat' dir='ltr'><strong>uobis</strong></span> 
     </span>
     <span class='ocr_line' id='line_1_21' title="bbox 142 2460 1299 2544; baseline 0.001 -19"><span class='ocrx_word' id='word_1_164' title='bbox 142 2481 197 2543; x_wconf 92' lang='lat' dir='ltr'><strong>pro</strong></span> <span class='ocrx_word' id='word_1_165' title='bbox 212 2463 300 2527; x_wconf 88' lang='lat' dir='ltr'><strong>nobis</strong></span> <span class='ocrx_word' id='word_1_166' title='bbox 317 2480 413 2540; x_wconf 84' lang='lat' dir='ltr'><strong>orare,</strong></span> <span class='ocrx_word' id='word_1_167' title='bbox 437 2464 510 2544; x_wconf 88' lang='lat' dir='ltr'><strong>quia</strong></span> <span class='ocrx_word' id='word_1_168' title='bbox 525 2463 596 2539; x_wconf 80' lang='lat' dir='ltr'><strong>ista,</strong></span> <span class='ocrx_word' id='word_1_169' title='bbox 621 2480 697 2543; x_wconf 92' lang='lat' dir='ltr'><strong>quae</strong></span> <span class='ocrx_word' id='word_1_170' title='bbox 712 2464 865 2526; x_wconf 89' lang='lat' dir='ltr'><strong>uenerunt</strong></span> <span class='ocrx_word' id='word_1_171' title='bbox 880 2461 968 2526; x_wconf 91' lang='lat' dir='ltr'><strong>nobis</strong></span> <span class='ocrx_word' id='word_1_172' title='bbox 985 2463 1023 2525; x_wconf 85' lang='lat' dir='ltr'><strong>ad</strong></span> <span class='ocrx_word' id='word_1_173' title='bbox 1038 2460 1263 2543; x_wconf 86' lang='lat' dir='ltr'><strong>probationem,</strong></span> <span class='ocrx_word' id='word_1_174' title='bbox 1275 2484 1299 2526; x_wconf 84' lang='lat' dir='ltr'><strong>so</strong></span> 
     </span>
     <span class='ocr_line' id='line_1_22' title="bbox 143 2563 1263 2646; baseline 0 -18"><span class='ocrx_word' id='word_1_175' title='bbox 143 2582 202 2629; x_wconf 91' lang='lat' dir='ltr'><strong>non</strong></span> <span class='ocrx_word' id='word_1_176' title='bbox 227 2567 378 2645; x_wconf 92' lang='lat' dir='ltr'><strong>quomodo</strong></span> <span class='ocrx_word' id='word_1_177' title='bbox 402 2565 528 2643; x_wconf 85' lang='lat' dir='ltr'><strong>sanctis,</strong></span> <span class='ocrx_word' id='word_1_178' title='bbox 552 2565 605 2628; x_wconf 92' lang='lat' dir='ltr'><strong>sed</strong></span> <span class='ocrx_word' id='word_1_179' title='bbox 628 2565 720 2628; x_wconf 89' lang='lat' dir='ltr'><strong>malis</strong></span> <span class='ocrx_word' id='word_1_180' title='bbox 742 2565 863 2630; x_wconf 89' lang='lat' dir='ltr'><strong>meritis</strong></span> <span class='ocrx_word' id='word_1_181' title='bbox 890 2563 1043 2646; x_wconf 89' lang='lat' dir='ltr'><strong>supplicia</strong></span> <span class='ocrx_word' id='word_1_182' title='bbox 1058 2563 1263 2628; x_wconf 83' lang='lat' dir='ltr'><strong>debebantur.</strong></span> 
     </span>
     <span class='ocr_line' id='line_1_23' title="bbox 144 2666 1265 2749; baseline -0.002 -17"><span class='ocrx_word' id='word_1_183' title='bbox 144 2666 203 2732; x_wconf 87' lang='lat' dir='ltr'><strong>Sed</strong></span> <span class='ocrx_word' id='word_1_184' title='bbox 225 2669 256 2730; x_wconf 90' lang='lat' dir='ltr'><strong>et</strong></span> <span class='ocrx_word' id='word_1_185' title='bbox 278 2686 332 2749; x_wconf 92' lang='lat' dir='ltr'><strong>pro</strong></span> <span class='ocrx_word' id='word_1_186' title='bbox 348 2667 441 2732; x_wconf 88' lang='lat' dir='ltr'><strong>malis</strong></span> <span class='ocrx_word' id='word_1_187' title='bbox 457 2672 542 2731; x_wconf 86' lang='lat' dir='ltr'><strong>orate</strong></span> <span class='ocrx_word' id='word_1_188' title='bbox 557 2667 619 2731; x_wconf 91' lang='lat' dir='ltr'><strong>iam</strong></span> <span class='ocrx_word' id='word_1_189' title='bbox 635 2667 719 2746; x_wconf 88' lang='lat' dir='ltr'><strong>filiis,</strong></span> <span class='ocrx_word' id='word_1_190' title='bbox 742 2668 814 2749; x_wconf 91' lang='lat' dir='ltr'><strong>quia</strong></span> <span class='ocrx_word' id='word_1_191' title='bbox 836 2669 868 2731; x_wconf 89' lang='lat' dir='ltr'><strong>et</strong></span> <span class='ocrx_word' id='word_1_192' title='bbox 883 2666 1026 2732; x_wconf 76' lang='lat' dir='ltr'><strong>Christus</strong></span> <span class='ocrx_word' id='word_1_193' title='bbox 1044 2667 1146 2731; x_wconf 89' lang='lat' dir='ltr'><strong>orauit</strong></span> <span class='ocrx_word' id='word_1_194' title='bbox 1168 2667 1265 2732; x_wconf 90' lang='lat' dir='ltr'><strong>etiam</strong></span> 
     </span>
     <span class='ocr_line' id='line_1_24' title="bbox 142 2768 1266 2853; baseline 0.001 -20"><span class='ocrx_word' id='word_1_195' title='bbox 142 2786 197 2852; x_wconf 90' lang='lat' dir='ltr'><strong>pro</strong></span> <span class='ocrx_word' id='word_1_196' title='bbox 220 2769 354 2834; x_wconf 88' lang='lat' dir='ltr'><strong>inimicis</strong></span> <span class='ocrx_word' id='word_1_197' title='bbox 376 2769 508 2834; x_wconf 91' lang='lat' dir='ltr'><strong>Indaeis.</strong></span> <span class='ocrx_word' id='word_1_198' title='bbox 548 2768 710 2834; x_wconf 84' lang='lat' dir='ltr'><strong>Sufficiant</strong></span> <span class='ocrx_word' id='word_1_199' title='bbox 742 2769 939 2853; x_wconf 85' lang='lat' dir='ltr'><strong>castigationi</strong></span> <span class='ocrx_word' id='word_1_200' title='bbox 961 2787 1040 2852; x_wconf 90' lang='lat' dir='ltr'><strong>quae</strong></span> <span class='ocrx_word' id='word_1_201' title='bbox 1061 2770 1144 2834; x_wconf 88' lang='lat' dir='ltr'><strong>iuste</strong></span> <span class='ocrx_word' id='word_1_202' title='bbox 1166 2770 1266 2835; x_wconf 89' lang='lat' dir='ltr'><strong>inlata</strong></span> 
     </span>
    </p>
   </div>
   <div class='ocr_carea' id='block_1_4' title="bbox 143 2922 1196 3078">
    <p class='ocr_par' dir='ltr' id='par_1_6' title="bbox 143 2922 1196 3078">
     <span class='ocr_line' id='line_1_25' title="bbox 246 2922 1196 2990; baseline 0.004 -15"><span class='ocrx_word' id='word_1_203' title='bbox 246 2925 258 2975; x_wconf 91' lang='lat'>1</span> <span class='ocrx_word' id='word_1_204' title='bbox 279 2922 376 2976; x_wconf 75' lang='lat' dir='ltr'><strong>neren.</strong></span> <span class='ocrx_word' id='word_1_205' title='bbox 396 2925 419 2987; x_wconf 90' lang='lat'><strong>1,</strong></span> <span class='ocrx_word' id='word_1_206' title='bbox 437 2923 494 2977; x_wconf 77' lang='lat' dir='ltr'><strong>eet</strong></span> <span class='ocrx_word' id='word_1_207' title='bbox 506 2923 531 2978; x_wconf 82' lang='lat' dir='ltr'><strong>a.</strong></span> <span class='ocrx_word' id='word_1_208' title='bbox 619 2923 697 2980; x_wconf 77' lang='lat' dir='ltr'><strong>ers.</strong></span> <span class='ocrx_word' id='word_1_209' title='bbox 715 2924 756 2988; x_wconf 83' lang='lat' dir='ltr'><strong>ea,</strong></span> <span class='ocrx_word' id='word_1_210' title='bbox 770 2924 881 2978; x_wconf 81' lang='lat' dir='ltr'><strong>er-ae.</strong></span> <span class='ocrx_word' id='word_1_211' title='bbox 976 2922 1096 2978; x_wconf 74' lang='lat' dir='ltr'><strong>erres.</strong></span> <span class='ocrx_word' id='word_1_212' title='bbox 1116 2925 1141 2990; x_wconf 86' lang='lat' dir='ltr'><strong>a,</strong></span> <span class='ocrx_word' id='word_1_213' title='bbox 1153 2925 1196 2980; x_wconf 82' lang='lat' dir='ltr'><strong>er.</strong></span> 
     </span>
     <span class='ocr_line' id='line_1_26' title="bbox 143 3009 391 3078; baseline 0.008 -16"><span class='ocrx_word' id='word_1_214' title='bbox 143 3009 176 3062; x_wconf 85' lang='lat' dir='ltr'><strong>re</strong></span> <span class='ocrx_word' id='word_1_215' title='bbox 194 3009 269 3062; x_wconf 78' lang='lat' dir='ltr'><strong>eom.</strong></span> <span class='ocrx_word' id='word_1_216' title='bbox 288 3010 331 3078; x_wconf 84' lang='lat'><strong>15,</strong></span> <span class='ocrx_word' id='word_1_217' title='bbox 351 3009 391 3064; x_wconf 88' lang='lat' dir='ltr'><strong>1o.</strong></span> 
     </span>
    </p>
   </div>
   <div class='ocr_carea' id='block_1_5' title="bbox 140 3147 1272 4335">
    <p class='ocr_par' dir='ltr' id='par_1_7' title="bbox 140 3147 1272 4335">
     <span class='ocr_line' id='line_1_27' title="bbox 194 3147 1265 3218; baseline 0.004 -18"><span class='ocrx_word' id='word_1_218' title='bbox 194 3147 301 3217; x_wconf 87' lang='lat' dir='ltr'><strong>lfletu]</strong></span> <span class='ocrx_word' id='word_1_219' title='bbox 321 3147 388 3201; x_wconf 88' lang='lat' dir='ltr'><strong>facie</strong></span> <span class='ocrx_word' id='word_1_220' title='bbox 412 3147 451 3201; x_wconf 90' lang='lat' dir='ltr'><strong><em>W</em></strong></span> <span class='ocrx_word' id='word_1_221' title='bbox 541 3148 612 3217; x_wconf 81' lang='lat' dir='ltr'><strong>quio]</strong></span> <span class='ocrx_word' id='word_1_222' title='bbox 632 3149 679 3216; x_wconf 87' lang='lat' dir='ltr'><strong>qui</strong></span> <span class='ocrx_word' id='word_1_223' title='bbox 698 3166 716 3202; x_wconf 90' lang='lat' dir='ltr'><strong>o</strong></span> <span class='ocrx_word' id='word_1_224' title='bbox 817 3150 1041 3205; x_wconf 76' lang='lat' dir='ltr'><strong>2consuleturb</strong></span> <span class='ocrx_word' id='word_1_225' title='bbox 1138 3149 1265 3218; x_wconf 82' lang='lat' dir='ltr'><strong>partibus</strong></span> 
     </span>
     <span class='ocr_line' id='line_1_28' title="bbox 148 3232 1267 3301; baseline 0.001 -15"><span class='ocrx_word' id='word_1_226' title='bbox 148 3232 195 3286; x_wconf 90' lang='lat' dir='ltr'><strong>W:</strong></span> <span class='ocrx_word' id='word_1_227' title='bbox 222 3233 344 3301; x_wconf 87' lang='lat' dir='ltr'><strong>patribus</strong></span> <span class='ocrx_word' id='word_1_228' title='bbox 362 3233 422 3286; x_wconf 83' lang='lat' dir='ltr'><strong>rell.</strong></span> <span class='ocrx_word' id='word_1_229' title='bbox 526 3233 678 3288; x_wconf 77' lang='lat' dir='ltr'><strong>Sorientes</strong></span> <span class='ocrx_word' id='word_1_230' title='bbox 696 3234 724 3287; x_wconf 93' lang='lat' dir='ltr'><strong><em>P</em></strong></span> <span class='ocrx_word' id='word_1_231' title='bbox 749 3234 897 3288; x_wconf 86' lang='lat' dir='ltr'><strong>orientibus</strong></span> <span class='ocrx_word' id='word_1_232' title='bbox 916 3236 944 3289; x_wconf 90' lang='lat' dir='ltr'><strong>b¹</strong></span> <span class='ocrx_word' id='word_1_233' title='bbox 1048 3236 1267 3290; x_wconf 77' lang='lat' dir='ltr'><strong>lcousolautem</strong></span> 
     </span>
     <span class='ocr_line' id='line_1_29' title="bbox 143 3320 1266 3392; baseline 0.006 -22"><span class='ocrx_word' id='word_1_234' title='bbox 143 3333 170 3370; x_wconf 91' lang='lat' dir='ltr'><strong>se</strong></span> <span class='ocrx_word' id='word_1_235' title='bbox 188 3335 206 3371; x_wconf 89' lang='lat' dir='ltr'><strong>a</strong></span> <span class='ocrx_word' id='word_1_236' title='bbox 308 3320 325 3373; x_wconf 85' lang='lat'>5</span> <span class='ocrx_word' id='word_1_237' title='bbox 342 3321 490 3389; x_wconf 88' lang='lat' dir='ltr'><strong>potaretur]</strong></span> <span class='ocrx_word' id='word_1_238' title='bbox 508 3321 669 3388; x_wconf 87' lang='lat' dir='ltr'><strong>putauerunt</strong></span> <span class='ocrx_word' id='word_1_239' title='bbox 686 3335 729 3373; x_wconf 92' lang='lat' dir='ltr'><strong>me</strong></span> <span class='ocrx_word' id='word_1_240' title='bbox 747 3320 775 3374; x_wconf 90' lang='lat' dir='ltr'><em>P</em></span> <span class='ocrx_word' id='word_1_241' title='bbox 876 3320 893 3373; x_wconf 85' lang='grc'><strong>6</strong></span> <span class='ocrx_word' id='word_1_242' title='bbox 910 3321 1047 3390; x_wconf 72' lang='lat' dir='ltr'><strong>passiones</strong></span> <span class='ocrx_word' id='word_1_243' title='bbox 1067 3323 1127 3389; x_wconf 78' lang='lat' dir='ltr'><strong>(sic)</strong></span> <span class='ocrx_word' id='word_1_244' title='bbox 1144 3323 1184 3376; x_wconf 89' lang='lat' dir='ltr'><em>W</em></span> <span class='ocrx_word' id='word_1_245' title='bbox 1205 3339 1266 3392; x_wconf 87' lang='lat' dir='ltr'><strong>pas·</strong></span> 
     </span>
     <span class='ocr_line' id='line_1_30' title="bbox 142 3403 1265 3476; baseline 0.006 -21"><span class='ocrx_word' id='word_1_246' title='bbox 142 3403 249 3458; x_wconf 76' lang='lat' dir='ltr'><strong>sioneb</strong></span> <span class='ocrx_word' id='word_1_247' title='bbox 361 3406 529 3476; x_wconf 75' lang='lat' dir='ltr'><strong>Spatriarce</strong></span> <span class='ocrx_word' id='word_1_248' title='bbox 548 3406 576 3460; x_wconf 94' lang='lat' dir='ltr'><strong><em>P</em></strong></span> <span class='ocrx_word' id='word_1_249' title='bbox 689 3405 722 3460; x_wconf 91' lang='lat'><strong>10</strong></span> <span class='ocrx_word' id='word_1_250' title='bbox 739 3423 818 3476; x_wconf 90' lang='lat' dir='ltr'><strong>quom</strong></span> <span class='ocrx_word' id='word_1_251' title='bbox 836 3408 864 3461; x_wconf 91' lang='lat' dir='ltr'><strong>b¹</strong></span> <span class='ocrx_word' id='word_1_252' title='bbox 968 3409 1065 3462; x_wconf 87' lang='lat' dir='ltr'><strong>anteb</strong></span> <span class='ocrx_word' id='word_1_253' title='bbox 1168 3409 1265 3462; x_wconf 90' lang='lat' dir='ltr'><strong>uatici-</strong></span> 
     </span>
     <span class='ocr_line' id='line_1_31' title="bbox 141 3489 1266 3563; baseline 0.006 -22"><span class='ocrx_word' id='word_1_254' title='bbox 141 3489 263 3558; x_wconf 65' lang='lat' dir='ltr'><strong>nandob</strong></span> <span class='ocrx_word' id='word_1_255' title='bbox 368 3491 400 3544; x_wconf 93' lang='grc'><strong>12</strong></span> <span class='ocrx_word' id='word_1_256' title='bbox 422 3508 468 3560; x_wconf 93' lang='lat' dir='ltr'><strong>per</strong></span> <span class='ocrx_word' id='word_1_257' title='bbox 485 3491 641 3545; x_wconf 90' lang='lat' dir='ltr'><strong>uniuersum</strong></span> <span class='ocrx_word' id='word_1_258' title='bbox 659 3493 696 3546; x_wconf 89' lang='lat' dir='ltr'><em>M</em></span> <span class='ocrx_word' id='word_1_259' title='bbox 797 3495 953 3547; x_wconf 82' lang='lat' dir='ltr'><strong>ascendente</strong></span> <span class='ocrx_word' id='word_1_260' title='bbox 971 3509 1021 3548; x_wconf 86' lang='lat' dir='ltr'><strong>om.</strong></span> <span class='ocrx_word' id='word_1_261' title='bbox 1040 3495 1067 3548; x_wconf 96' lang='lat' dir='ltr'><em>P</em></span> <span class='ocrx_word' id='word_1_262' title='bbox 1169 3494 1266 3563; x_wconf 88' lang='lat' dir='ltr'><strong>utqui</strong></span> 
     </span>
     <span class='ocr_line' id='line_1_32' title="bbox 141 3577 1266 3648; baseline 0.002 -18"><span class='ocrx_word' id='word_1_263' title='bbox 141 3577 157 3630; x_wconf 87' lang='lat' dir='ltr'><strong>b</strong></span> <span class='ocrx_word' id='word_1_264' title='bbox 254 3577 286 3631; x_wconf 89' lang='lat'><strong>13</strong></span> <span class='ocrx_word' id='word_1_265' title='bbox 304 3577 455 3631; x_wconf 88' lang='lat' dir='ltr'><strong>cursitastis</strong></span> <span class='ocrx_word' id='word_1_266' title='bbox 473 3577 600 3632; x_wconf 70' lang='lat' dir='ltr'><strong>conoe:</strong></span> <span class='ocrx_word' id='word_1_267' title='bbox 628 3578 767 3633; x_wconf 88' lang='lat' dir='ltr'><strong>cursitatis</strong></span> <span class='ocrx_word' id='word_1_268' title='bbox 781 3579 840 3634; x_wconf 85' lang='lat' dir='ltr'><strong>rell.</strong></span> <span class='ocrx_word' id='word_1_269' title='bbox 852 3581 920 3647; x_wconf 82' lang='lat' dir='ltr'><strong>fort.</strong></span> <span class='ocrx_word' id='word_1_270' title='bbox 933 3585 1005 3634; x_wconf 80' lang='lat' dir='ltr'><strong>recte</strong></span> <span class='ocrx_word' id='word_1_271' title='bbox 1098 3579 1175 3634; x_wconf 82' lang='lat' dir='ltr'><strong>beate</strong></span> <span class='ocrx_word' id='word_1_272' title='bbox 1193 3583 1266 3648; x_wconf 90' lang='lat' dir='ltr'><strong>petro</strong></span> 
     </span>
     <span class='ocr_line' id='line_1_33' title="bbox 142 3663 1198 3734; baseline 0.004 -20"><span class='ocrx_word' id='word_1_273' title='bbox 142 3683 163 3730; x_wconf 84' lang='grc' dir='ltr'>φ</span> <span class='ocrx_word' id='word_1_274' title='bbox 253 3663 285 3716; x_wconf 83' lang='grc'><strong>14</strong></span> <span class='ocrx_word' id='word_1_275' title='bbox 298 3664 540 3732; x_wconf 86' lang='lat' dir='ltr'><strong>commuuimagno</strong></span> <span class='ocrx_word' id='word_1_276' title='bbox 553 3663 769 3734; x_wconf 87' lang='lat' dir='ltr'><strong>dominomagna</strong></span> <span class='ocrx_word' id='word_1_277' title='bbox 786 3665 825 3719; x_wconf 89' lang='lat' dir='ltr'><em>W</em></span> <span class='ocrx_word' id='word_1_278' title='bbox 907 3667 938 3720; x_wconf 88' lang='lat'><strong>15</strong></span> <span class='ocrx_word' id='word_1_279' title='bbox 951 3666 1149 3721; x_wconf 85' lang='lat' dir='ltr'><strong>commendatus</strong></span> <span class='ocrx_word' id='word_1_280' title='bbox 1162 3666 1198 3719; x_wconf 80' lang='grc' dir='ltr'><strong>Ρι</strong></span> 
     </span>
     <span class='ocr_line' id='line_1_34' title="bbox 141 3747 1267 3818; baseline 0.003 -15"><span class='ocrx_word' id='word_1_281' title='bbox 141 3747 184 3818; x_wconf 91' lang='lat' dir='ltr'><strong>tu]</strong></span> <span class='ocrx_word' id='word_1_282' title='bbox 203 3752 235 3803; x_wconf 86' lang='lat' dir='ltr'><strong>ut</strong></span> <span class='ocrx_word' id='word_1_283' title='bbox 253 3749 282 3803; x_wconf 84' lang='lat' dir='ltr'><strong>b¹</strong></span> <span class='ocrx_word' id='word_1_284' title='bbox 378 3749 411 3802; x_wconf 85' lang='grc'><strong>16</strong></span> <span class='ocrx_word' id='word_1_285' title='bbox 428 3749 605 3803; x_wconf 89' lang='lat' dir='ltr'><strong>ierusalem&#39;o</strong></span> <span class='ocrx_word' id='word_1_286' title='bbox 628 3751 784 3804; x_wconf 81' lang='lat' dir='ltr'><strong>ierosolimis</strong></span> <span class='ocrx_word' id='word_1_287' title='bbox 803 3753 840 3806; x_wconf 85' lang='lat' dir='ltr'><strong><em>M</em></strong></span> <span class='ocrx_word' id='word_1_288' title='bbox 859 3751 1066 3808; x_wconf 87' lang='lat' dir='ltr'><strong>hierosolimiss</strong></span> <span class='ocrx_word' id='word_1_289' title='bbox 1164 3752 1197 3807; x_wconf 86' lang='lat' dir='ltr'><strong>ad</strong></span> <span class='ocrx_word' id='word_1_290' title='bbox 1217 3766 1267 3807; x_wconf 85' lang='lat' dir='ltr'><strong>om.</strong></span> 
     </span>
     <span class='ocr_line' id='line_1_35' title="bbox 146 3835 1272 3908; baseline 0.004 -19"><span class='ocrx_word' id='word_1_291' title='bbox 146 3835 223 3903; x_wconf 70' lang='lat' dir='ltr'><strong>Wod</strong></span> <span class='ocrx_word' id='word_1_292' title='bbox 316 3835 452 3904; x_wconf 78' lang='lat' dir='ltr'><strong>ylliricum</strong></span> <span class='ocrx_word' id='word_1_293' title='bbox 469 3837 570 3904; x_wconf 71' lang='lat' dir='ltr'><strong>BpW</strong></span> <span class='ocrx_word' id='word_1_294' title='bbox 589 3836 686 3906; x_wconf 78' lang='lat' dir='ltr'><strong>yliricd</strong></span> <span class='ocrx_word' id='word_1_295' title='bbox 699 3837 727 3890; x_wconf 95' lang='lat' dir='ltr'><strong><em>P</em></strong></span> <span class='ocrx_word' id='word_1_296' title='bbox 749 3837 905 3893; x_wconf 83' lang='lat' dir='ltr'><strong>illiricumb</strong></span> <span class='ocrx_word' id='word_1_297' title='bbox 1001 3839 1033 3892; x_wconf 77' lang='lat'><strong>17</strong></span> <span class='ocrx_word' id='word_1_298' title='bbox 1051 3839 1124 3907; x_wconf 91' lang='lat' dir='ltr'><strong>quid]</strong></span> <span class='ocrx_word' id='word_1_299' title='bbox 1144 3838 1215 3908; x_wconf 89' lang='lat' dir='ltr'><strong>quod</strong></span> <span class='ocrx_word' id='word_1_300' title='bbox 1233 3840 1272 3893; x_wconf 81' lang='lat' dir='ltr'><strong><em>M</em></strong></span> 
     </span>
     <span class='ocr_line' id='line_1_36' title="bbox 141 3920 1268 3994; baseline 0.004 -21"><span class='ocrx_word' id='word_1_301' title='bbox 141 3921 238 3989; x_wconf 88' lang='lat' dir='ltr'><strong>quiab</strong></span> <span class='ocrx_word' id='word_1_302' title='bbox 324 3920 414 3974; x_wconf 80' lang='lat' dir='ltr'><strong>laciuu</strong></span> <span class='ocrx_word' id='word_1_303' title='bbox 430 3921 465 3975; x_wconf 89' lang='lat' dir='ltr'><strong>V¹</strong></span> <span class='ocrx_word' id='word_1_304' title='bbox 560 3923 593 3977; x_wconf 90' lang='lat'><strong>18</strong></span> <span class='ocrx_word' id='word_1_305' title='bbox 610 3923 780 3992; x_wconf 87' lang='lat' dir='ltr'><strong>ingemiscite</strong></span> <span class='ocrx_word' id='word_1_306' title='bbox 796 3939 849 3979; x_wconf 83' lang='lat' dir='ltr'><strong>msa</strong></span> <span class='ocrx_word' id='word_1_307' title='bbox 863 3931 975 3994; x_wconf 80' lang='lat' dir='ltr'><strong>praeter</strong></span> <span class='ocrx_word' id='word_1_308' title='bbox 988 3925 1079 3979; x_wconf 89' lang='lat' dir='ltr'><strong>BP¹b¹</strong></span> <span class='ocrx_word' id='word_1_309' title='bbox 1174 3925 1208 3977; x_wconf 82' lang='lat'><strong>19</strong></span> <span class='ocrx_word' id='word_1_310' title='bbox 1228 3928 1268 3979; x_wconf 87' lang='lat' dir='ltr'><strong>est</strong></span> 
     </span>
     <span class='ocr_line' id='line_1_37' title="bbox 141 4005 1197 4076; baseline 0.006 -16"><span class='ocrx_word' id='word_1_311' title='bbox 141 4008 226 4075; x_wconf 74' lang='lat' dir='ltr'><strong>osred</strong></span> <span class='ocrx_word' id='word_1_312' title='bbox 334 4005 368 4060; x_wconf 92' lang='grc'><strong>20</strong></span> <span class='ocrx_word' id='word_1_313' title='bbox 386 4006 463 4060; x_wconf 90' lang='lat' dir='ltr'><strong>nobis</strong></span> <span class='ocrx_word' id='word_1_314' title='bbox 481 4013 544 4063; x_wconf 80' lang='lat' dir='ltr'><strong>octe</strong></span> <span class='ocrx_word' id='word_1_315' title='bbox 562 4008 596 4062; x_wconf 90' lang='lat' dir='ltr'><strong>ad</strong></span> <span class='ocrx_word' id='word_1_316' title='bbox 614 4025 704 4076; x_wconf 74' lang='lat' dir='ltr'><strong>oneo&gt;</strong></span> <span class='ocrx_word' id='word_1_317' title='bbox 814 4013 847 4065; x_wconf 96' lang='grc'><strong>21</strong></span> <span class='ocrx_word' id='word_1_318' title='bbox 865 4027 919 4064; x_wconf 92' lang='lat' dir='ltr'><strong>non</strong></span> <span class='ocrx_word' id='word_1_319' title='bbox 937 4027 986 4066; x_wconf 82' lang='lat' dir='ltr'><strong>oue.</strong></span> <span class='ocrx_word' id='word_1_320' title='bbox 1006 4011 1197 4068; x_wconf 82' lang='lat' dir='ltr'><strong>BVO¹WMs¹</strong></span> 
     </span>
     <span class='ocr_line' id='line_1_38' title="bbox 141 4091 1268 4152; baseline 0.007 -8"><span class='ocrx_word' id='word_1_321' title='bbox 141 4091 283 4147; x_wconf 83' lang='lat' dir='ltr'><strong>comodob</strong></span> <span class='ocrx_word' id='word_1_322' title='bbox 312 4093 425 4148; x_wconf 89' lang='lat' dir='ltr'><strong>modoo</strong></span> <span class='ocrx_word' id='word_1_323' title='bbox 528 4095 606 4148; x_wconf 88' lang='lat' dir='ltr'><strong>malis</strong></span> <span class='ocrx_word' id='word_1_324' title='bbox 624 4095 723 4149; x_wconf 88' lang='lat' dir='ltr'><strong>mentis</strong></span> <span class='ocrx_word' id='word_1_325' title='bbox 741 4097 768 4149; x_wconf 92' lang='lat' dir='ltr'><strong>b¹</strong></span> <span class='ocrx_word' id='word_1_326' title='bbox 797 4098 867 4150; x_wconf 90' lang='lat' dir='ltr'><strong>male</strong></span> <span class='ocrx_word' id='word_1_327' title='bbox 884 4099 982 4152; x_wconf 89' lang='lat' dir='ltr'><strong>mentis</strong></span> <span class='ocrx_word' id='word_1_328' title='bbox 1000 4097 1027 4151; x_wconf 82' lang='lat' dir='ltr'><strong>b²</strong></span> <span class='ocrx_word' id='word_1_329' title='bbox 1135 4097 1268 4152; x_wconf 89' lang='lat' dir='ltr'><strong>decebant</strong></span> 
     </span>
     <span class='ocr_line' id='line_1_39' title="bbox 141 4176 1198 4247; baseline 0.006 -16"><span class='ocrx_word' id='word_1_330' title='bbox 141 4178 168 4231; x_wconf 91' lang='lat' dir='ltr'><strong><em>P</em></strong></span> <span class='ocrx_word' id='word_1_331' title='bbox 265 4177 299 4231; x_wconf 93' lang='grc'><strong>22</strong></span> <span class='ocrx_word' id='word_1_332' title='bbox 311 4181 357 4247; x_wconf 87' lang='lat' dir='ltr'><strong>qui</strong></span> <span class='ocrx_word' id='word_1_333' title='bbox 369 4178 436 4234; x_wconf 88' lang='lat' dir='ltr'><strong>BV¹</strong></span> <span class='ocrx_word' id='word_1_334' title='bbox 530 4182 620 4234; x_wconf 83' lang='lat' dir='ltr'><strong>stom.</strong></span> <span class='ocrx_word' id='word_1_335' title='bbox 638 4176 739 4235; x_wconf 84' lang='lat' dir='ltr'><strong>WMsb</strong></span> <span class='ocrx_word' id='word_1_336' title='bbox 837 4181 998 4237; x_wconf 79' lang='lat' dir='ltr'><strong>231nimicis</strong></span> <span class='ocrx_word' id='word_1_337' title='bbox 1011 4183 1067 4237; x_wconf 89' lang='lat' dir='ltr'><strong>suis</strong></span> <span class='ocrx_word' id='word_1_338' title='bbox 1080 4183 1167 4238; x_wconf 91' lang='lat' dir='ltr'><strong>iudeis</strong></span> <span class='ocrx_word' id='word_1_339' title='bbox 1180 4201 1198 4237; x_wconf 87' lang='lat' dir='ltr'><strong>o</strong></span> 
     </span>
     <span class='ocr_line' id='line_1_40' title="bbox 140 4262 1079 4335; baseline 0.005 -20"><span class='ocrx_word' id='word_1_340' title='bbox 140 4262 331 4330; x_wconf 83' lang='lat' dir='ltr'><strong>castigationes</strong></span> <span class='ocrx_word' id='word_1_341' title='bbox 349 4264 409 4319; x_wconf 64' lang='grc' dir='ltr'><strong>Μι2</strong></span> <span class='ocrx_word' id='word_1_342' title='bbox 512 4266 558 4334; x_wconf 88' lang='lat' dir='ltr'><strong>qui</strong></span> <span class='ocrx_word' id='word_1_343' title='bbox 580 4265 615 4319; x_wconf 86' lang='lat' dir='ltr'><strong>V¹</strong></span> <span class='ocrx_word' id='word_1_344' title='bbox 719 4266 804 4335; x_wconf 83' lang='lat' dir='ltr'><strong>inlate</strong></span> <span class='ocrx_word' id='word_1_345' title='bbox 821 4267 879 4320; x_wconf 76' lang='lat' dir='ltr'><strong>Ms’</strong></span> <span class='ocrx_word' id='word_1_346' title='bbox 1028 4271 1079 4283; x_wconf 75' lang='grc'><strong>”</strong></span> 
     </span>
    </p>
   </div>
   <div class='ocr_carea' id='block_1_6' title="bbox 9 4398 144 4528">
    <p class='ocr_par' dir='ltr' id='par_1_8' title="bbox 9 4398 144 4528">
     <span class='ocr_line' id='line_1_41' title="bbox 9 4398 144 4528; baseline 0 0"><span class='ocrx_word' id='word_1_347' title='bbox 9 4398 144 4528; x_wconf 60' lang='grc' dir='ltr'><strong>’ἱ</strong></span> 
     </span>
    </p>
   </div>
   <div class='ocr_carea' id='block_1_7' title="bbox 0 0 1406 4830">
    <p class='ocr_par' dir='ltr' id='par_1_9' title="bbox 0 0 1406 4830">
     <span class='ocr_line' id='line_1_42' title="bbox 0 0 1406 4830; baseline 0 1"><span class='ocrx_word' id='word_1_348' title='bbox 0 0 1406 4830; x_wconf 95' lang='lat' dir='ltr'><strong> </strong></span> 
     </span>
    </p>
   </div>
  </div>
 </body>
</html>
