<?xml version="1.0" encoding="UTF-8"?>
<!DOCTYPE html PUBLIC "-//W3C//DTD XHTML 1.0 Transitional//EN"
    "http://www.w3.org/TR/xhtml1/DTD/xhtml1-transitional.dtd">
<html xmlns="http://www.w3.org/1999/xhtml" xml:lang="en" lang="en">
 <head>
  <title>
</title>
<meta http-equiv="Content-Type" content="text/html;charset=utf-8" />
  <meta name='ocr-system' content='tesseract 3.04.00' />
  <meta name='ocr-capabilities' content='ocr_page ocr_carea ocr_par ocr_line ocrx_word'/>
</head>
<body>
  <div class='ocr_page' id='page_1' title='image "./victorisepiscop01victgoog_0147.png"; bbox 0 0 2804 4830; ppageno 0'>
   <div class='ocr_carea' id='block_1_1' title="bbox 385 284 869 355">
    <p class='ocr_par' dir='ltr' id='par_1_1' title="bbox 385 284 869 355">
     <span class='ocr_line' id='line_1_1' title="bbox 385 284 869 355; baseline 0.008 -18"><span class='ocrx_word' id='word_1_1' title='bbox 385 306 387 310; x_wconf 32' lang='lat'>⁸</span> <span class='ocrx_word' id='word_1_2' title='bbox 476 284 618 338; x_wconf 86' lang='lat' dir='ltr'><strong>Nomina</strong></span> <span class='ocrx_word' id='word_1_3' title='bbox 638 285 869 355; x_wconf 85' lang='lat' dir='ltr'><strong>episcoporum</strong></span> 
     </span>
    </p>
   </div>
   <div class='ocr_carea' id='block_1_2' title="bbox 257 473 952 1072">
    <p class='ocr_par' dir='ltr' id='par_1_2' title="bbox 318 473 891 540">
     <span class='ocr_line' id='line_1_2' title="bbox 318 473 891 540; baseline -0.002 0"><span class='ocrx_word' id='word_1_4' title='bbox 318 474 501 540; x_wconf 87' lang='lat' dir='ltr'><strong>Mannucius</strong></span> <span class='ocrx_word' id='word_1_5' title='bbox 524 473 891 540; x_wconf 84' lang='lat' dir='ltr'><strong>Duas-Senemsalensis.</strong></span> 
     </span>
    </p>

    <p class='ocr_par' dir='ltr' id='par_1_3' title="bbox 318 577 874 645">
     <span class='ocr_line' id='line_1_3' title="bbox 318 577 874 645; baseline 0.007 -4"><span class='ocrx_word' id='word_1_6' title='bbox 318 578 512 642; x_wconf 91' lang='lat' dir='ltr'><strong>Hirundinus</strong></span> <span class='ocrx_word' id='word_1_7' title='bbox 534 577 726 643; x_wconf 82' lang='lat' dir='ltr'><strong>Misenensis.</strong></span> <span class='ocrx_word' id='word_1_8' title='bbox 761 577 874 645; x_wconf 87' lang='lat' dir='ltr'><strong>Corsie.</strong></span> 
     </span>
    </p>

    <p class='ocr_par' dir='ltr' id='par_1_4' title="bbox 317 680 732 763">
     <span class='ocr_line' id='line_1_4' title="bbox 317 680 732 763; baseline 0 -19"><span class='ocrx_word' id='word_1_9' title='bbox 317 681 394 745; x_wconf 87' lang='lat' dir='ltr'><strong>Iona</strong></span> <span class='ocrx_word' id='word_1_10' title='bbox 414 680 593 762; x_wconf 86' lang='lat' dir='ltr'><strong>Lapdensis.</strong></span> <span class='ocrx_word' id='word_1_11' title='bbox 628 682 664 745; x_wconf 91' lang='lat' dir='ltr'><strong>ut</strong></span> <span class='ocrx_word' id='word_1_12' title='bbox 686 683 732 763; x_wconf 65' lang='lat' dir='ltr'><strong>si.</strong></span> 
     </span>
    </p>

    <p class='ocr_par' dir='ltr' id='par_1_5' title="bbox 257 773 952 966">
     <span class='ocr_line' id='line_1_5' title="bbox 315 773 952 868; baseline 0 -21"><span class='ocrx_word' id='word_1_13' title='bbox 315 783 500 868; x_wconf 83' lang='lat' dir='ltr'><strong>Peregrinus</strong></span> <span class='ocrx_word' id='word_1_14' title='bbox 523 773 724 848; x_wconf 80' lang='lat' dir='ltr'><strong>Assuritanus</strong></span> <span class='ocrx_word' id='word_1_15' title='bbox 745 783 778 848; x_wconf 92' lang='lat' dir='ltr'><strong>in</strong></span> <span class='ocrx_word' id='word_1_16' title='bbox 801 784 870 849; x_wconf 85' lang='lat' dir='ltr'><strong>exil.</strong></span> <span class='ocrx_word' id='word_1_17' title='bbox 893 783 952 849; x_wconf 92' lang='lat' dir='ltr'><strong>hic.</strong></span> 
     </span>
     <span class='ocr_line' id='line_1_6' title="bbox 257 885 715 966; baseline -0.007 -16"><span class='ocrx_word' id='word_1_18' title='bbox 257 885 300 951; x_wconf 79' lang='lat'><strong>20</strong></span> <span class='ocrx_word' id='word_1_19' title='bbox 318 885 504 966; x_wconf 78' lang='lat' dir='ltr'>Quintianus</span> <span class='ocrx_word' id='word_1_20' title='bbox 526 885 715 950; x_wconf 82' lang='lat' dir='ltr'><strong>Unicitenus.</strong></span> 
     </span>
    </p>

    <p class='ocr_par' dir='ltr' id='par_1_6' title="bbox 317 973 847 1072">
     <span class='ocr_line' id='line_1_7' title="bbox 317 973 847 1072; baseline 0 -18"><span class='ocrx_word' id='word_1_21' title='bbox 317 988 496 1054; x_wconf 77' lang='lat' dir='ltr'><strong>Cresconius</strong></span> <span class='ocrx_word' id='word_1_22' title='bbox 520 988 739 1053; x_wconf 84' lang='lat' dir='ltr'><strong>Fennonensis.</strong></span> <span class='ocrx_word' id='word_1_23' title='bbox 769 973 847 1072; x_wconf 51' lang='lat' dir='ltr'><strong>pist.</strong></span> 
     </span>
    </p>
   </div>
   <div class='ocr_carea' id='block_1_3' title="bbox 253 1087 940 3211">
    <p class='ocr_par' dir='ltr' id='par_1_7' title="bbox 314 1087 853 1379">
     <span class='ocr_line' id='line_1_8' title="bbox 315 1087 849 1158; baseline -0.006 -2"><span class='ocrx_word' id='word_1_24' title='bbox 315 1092 515 1158; x_wconf 89' lang='lat' dir='ltr'><strong>Florentinus</strong></span> <span class='ocrx_word' id='word_1_25' title='bbox 537 1090 701 1157; x_wconf 75' lang='lat' dir='ltr'><strong>Uticensis.</strong></span> <span class='ocrx_word' id='word_1_26' title='bbox 734 1087 849 1155; x_wconf 78' lang='lat' dir='ltr'><strong>Corsic.</strong></span> 
     </span>
     <span class='ocr_line' id='line_1_9' title="bbox 314 1193 823 1278; baseline -0.014 -16"><span class='ocrx_word' id='word_1_27' title='bbox 314 1195 476 1263; x_wconf 84' lang='lat' dir='ltr'><strong>Pasoasius</strong></span> <span class='ocrx_word' id='word_1_28' title='bbox 498 1193 696 1278; x_wconf 85' lang='lat' dir='ltr'><strong>Migirpensis</strong></span> <span class='ocrx_word' id='word_1_29' title='bbox 718 1193 754 1256; x_wconf 89' lang='lat' dir='ltr'><strong>ut</strong></span> <span class='ocrx_word' id='word_1_30' title='bbox 776 1193 823 1276; x_wconf 70' lang='lat' dir='ltr'><strong>sir.</strong></span> 
     </span>
     <span class='ocr_line' id='line_1_10' title="bbox 316 1293 853 1379; baseline -0.002 -19"><span class='ocrx_word' id='word_1_31' title='bbox 316 1295 501 1362; x_wconf 83' lang='lat' dir='ltr'><strong>Carissimus</strong></span> <span class='ocrx_word' id='word_1_32' title='bbox 524 1293 705 1379; x_wconf 81' lang='lat' dir='ltr'><strong>Gisipensis.</strong></span> <span class='ocrx_word' id='word_1_33' title='bbox 729 1295 761 1358; x_wconf 91' lang='lat' dir='ltr'><strong>in</strong></span> <span class='ocrx_word' id='word_1_34' title='bbox 784 1294 853 1359; x_wconf 88' lang='lat' dir='ltr'><strong>exil.</strong></span> 
     </span>
    </p>

    <p class='ocr_par' dir='ltr' id='par_1_8' title="bbox 256 1385 691 1480">
     <span class='ocr_line' id='line_1_11' title="bbox 256 1385 691 1480; baseline -0.007 -18"><span class='ocrx_word' id='word_1_35' title='bbox 256 1397 298 1462; x_wconf 81' lang='lat'><strong>25</strong></span> <span class='ocrx_word' id='word_1_36' title='bbox 316 1396 411 1463; x_wconf 85' lang='lat' dir='ltr'><strong>Gaius</strong></span> <span class='ocrx_word' id='word_1_37' title='bbox 433 1397 586 1464; x_wconf 85' lang='lat' dir='ltr'><strong>Uzitensis</strong></span> <span class='ocrx_word' id='word_1_38' title='bbox 608 1385 691 1480; x_wconf 74' lang='lat' dir='ltr'><strong>prtt.</strong></span> 
     </span>
    </p>

    <p class='ocr_par' dir='ltr' id='par_1_9' title="bbox 313 1491 853 1892">
     <span class='ocr_line' id='line_1_12' title="bbox 314 1491 797 1564; baseline -0.008 0"><span class='ocrx_word' id='word_1_39' title='bbox 314 1500 470 1564; x_wconf 84' lang='lat' dir='ltr'><strong>Exitiosus</strong></span> <span class='ocrx_word' id='word_1_40' title='bbox 495 1499 648 1564; x_wconf 90' lang='lat' dir='ltr'><strong>Uerensis.</strong></span> <span class='ocrx_word' id='word_1_41' title='bbox 686 1491 797 1563; x_wconf 76' lang='lat' dir='ltr'><strong>Corsis.</strong></span> 
     </span>
     <span class='ocr_line' id='line_1_13' title="bbox 314 1600 836 1668; baseline 0 -1"><span class='ocrx_word' id='word_1_42' title='bbox 314 1601 459 1667; x_wconf 81' lang='lat' dir='ltr'><strong>Crescens</strong></span> <span class='ocrx_word' id='word_1_43' title='bbox 482 1601 676 1668; x_wconf 87' lang='lat' dir='ltr'><strong>Cieisitanus.</strong></span> <span class='ocrx_word' id='word_1_44' title='bbox 710 1600 740 1666; x_wconf 93' lang='lat' dir='ltr'><strong>in</strong></span> <span class='ocrx_word' id='word_1_45' title='bbox 765 1600 836 1667; x_wconf 86' lang='lat' dir='ltr'><strong>exil.</strong></span> 
     </span>
     <span class='ocr_line' id='line_1_14' title="bbox 313 1702 853 1771; baseline -0.004 -1"><span class='ocrx_word' id='word_1_46' title='bbox 313 1705 488 1770; x_wconf 75' lang='lat' dir='ltr'><strong>Bonifatius</strong></span> <span class='ocrx_word' id='word_1_47' title='bbox 511 1704 685 1771; x_wconf 88' lang='lat' dir='ltr'><strong>Uolitanus.</strong></span> <span class='ocrx_word' id='word_1_48' title='bbox 721 1702 853 1768; x_wconf 85' lang='lat' dir='ltr'><strong>Corsica.</strong></span> 
     </span>
     <span class='ocr_line' id='line_1_15' title="bbox 314 1806 747 1892; baseline -0.005 -20"><span class='ocrx_word' id='word_1_49' title='bbox 314 1807 399 1872; x_wconf 81' lang='lat' dir='ltr'><strong>Felix</strong></span> <span class='ocrx_word' id='word_1_50' title='bbox 421 1806 602 1889; x_wconf 81' lang='lat' dir='ltr'><strong>Carpitanae</strong></span> <span class='ocrx_word' id='word_1_51' title='bbox 625 1807 660 1871; x_wconf 93' lang='lat' dir='ltr'><strong>ut</strong></span> <span class='ocrx_word' id='word_1_52' title='bbox 681 1811 747 1892; x_wconf 70' lang='lat' dir='ltr'><strong>suf).</strong></span> 
     </span>
    </p>

    <p class='ocr_par' dir='ltr' id='par_1_10' title="bbox 256 1910 837 2098">
     <span class='ocr_line' id='line_1_16' title="bbox 256 1910 837 1992; baseline -0.007 -16"><span class='ocrx_word' id='word_1_53' title='bbox 256 1911 298 1976; x_wconf 88' lang='lat'><strong>30</strong></span> <span class='ocrx_word' id='word_1_54' title='bbox 315 1910 478 1975; x_wconf 87' lang='lat' dir='ltr'><strong>Carcadius</strong></span> <span class='ocrx_word' id='word_1_55' title='bbox 501 1911 711 1976; x_wconf 86' lang='lat' dir='ltr'><strong>Maxulitanus</strong></span> <span class='ocrx_word' id='word_1_56' title='bbox 733 1911 770 1977; x_wconf 85' lang='lat' dir='ltr'><strong>ut</strong></span> <span class='ocrx_word' id='word_1_57' title='bbox 792 1911 837 1992; x_wconf 69' lang='lat' dir='ltr'><strong>ss).</strong></span> 
     </span>
     <span class='ocr_line' id='line_1_17' title="bbox 312 2012 718 2098; baseline 0.005 -19"><span class='ocrx_word' id='word_1_58' title='bbox 312 2013 483 2098; x_wconf 81' lang='lat' dir='ltr'><strong>Cyprianus</strong></span> <span class='ocrx_word' id='word_1_59' title='bbox 506 2012 718 2081; x_wconf 87' lang='lat' dir='ltr'><strong>Bonustensis.</strong></span> 
     </span>
    </p>

    <p class='ocr_par' dir='ltr' id='par_1_11' title="bbox 313 2106 928 2403">
     <span class='ocr_line' id='line_1_18' title="bbox 313 2106 928 2182; baseline 0.002 -2"><span class='ocrx_word' id='word_1_60' title='bbox 313 2117 489 2181; x_wconf 81' lang='lat' dir='ltr'><strong>Dalmatius</strong></span> <span class='ocrx_word' id='word_1_61' title='bbox 513 2115 693 2182; x_wconf 83' lang='lat' dir='ltr'><strong>Finisensis.</strong></span> <span class='ocrx_word' id='word_1_62' title='bbox 724 2113 867 2182; x_wconf 70' lang='lat' dir='ltr'><strong>Corsici·</strong></span> <span class='ocrx_word' id='word_1_63' title='bbox 926 2106 928 2110; x_wconf 70' lang='grc'><strong>’</strong></span> 
     </span>
     <span class='ocr_line' id='line_1_19' title="bbox 314 2217 882 2286; baseline 0 -2"><span class='ocrx_word' id='word_1_64' title='bbox 314 2219 507 2285; x_wconf 86' lang='lat' dir='ltr'><strong>Aemilianus</strong></span> <span class='ocrx_word' id='word_1_65' title='bbox 529 2218 737 2285; x_wconf 85' lang='lat' dir='ltr'><strong>Culusitanus.</strong></span> <span class='ocrx_word' id='word_1_66' title='bbox 770 2217 882 2286; x_wconf 73' lang='lat' dir='ltr'><strong>Corsii.</strong></span> 
     </span>
     <span class='ocr_line' id='line_1_20' title="bbox 313 2311 704 2403; baseline -0.003 -17"><span class='ocrx_word' id='word_1_67' title='bbox 313 2321 399 2386; x_wconf 83' lang='lat' dir='ltr'><strong>Felix</strong></span> <span class='ocrx_word' id='word_1_68' title='bbox 420 2322 586 2387; x_wconf 88' lang='lat' dir='ltr'><strong>Bullensis.</strong></span> <span class='ocrx_word' id='word_1_69' title='bbox 621 2311 704 2403; x_wconf 74' lang='lat' dir='ltr'><strong>prii.</strong></span> 
     </span>
    </p>

    <p class='ocr_par' dir='ltr' id='par_1_12' title="bbox 254 2422 940 2922">
     <span class='ocr_line' id='line_1_21' title="bbox 254 2422 928 2507; baseline 0.003 -18"><span class='ocrx_word' id='word_1_70' title='bbox 254 2424 295 2489; x_wconf 81' lang='lat'><strong>35</strong></span> <span class='ocrx_word' id='word_1_71' title='bbox 314 2422 525 2489; x_wconf 88' lang='lat' dir='ltr'><strong>Clementinus</strong></span> <span class='ocrx_word' id='word_1_72' title='bbox 547 2423 779 2507; x_wconf 81' lang='lat' dir='ltr'><strong>Neapolitanus.</strong></span> <span class='ocrx_word' id='word_1_73' title='bbox 814 2422 928 2491; x_wconf 73' lang='lat' dir='ltr'><strong>Cereio.</strong></span> 
     </span>
     <span class='ocr_line' id='line_1_22' title="bbox 312 2526 758 2611; baseline -0.002 -19"><span class='ocrx_word' id='word_1_74' title='bbox 312 2526 399 2592; x_wconf 81' lang='lat' dir='ltr'><strong>Felix</strong></span> <span class='ocrx_word' id='word_1_75' title='bbox 422 2526 630 2593; x_wconf 88' lang='lat' dir='ltr'><strong>Curubitanus</strong></span> <span class='ocrx_word' id='word_1_76' title='bbox 649 2529 691 2593; x_wconf 70' lang='lat' dir='ltr'><strong>,ut</strong></span> <span class='ocrx_word' id='word_1_77' title='bbox 713 2528 758 2611; x_wconf 66' lang='lat' dir='ltr'><strong>sir.</strong></span> 
     </span>
     <span class='ocr_line' id='line_1_23' title="bbox 313 2629 940 2715; baseline 0.006 -22"><span class='ocrx_word' id='word_1_78' title='bbox 313 2630 478 2695; x_wconf 87' lang='lat' dir='ltr'><strong>Deuterius</strong></span> <span class='ocrx_word' id='word_1_79' title='bbox 501 2629 716 2696; x_wconf 86' lang='lat' dir='ltr'><strong>Simminensis</strong></span> <span class='ocrx_word' id='word_1_80' title='bbox 738 2634 774 2696; x_wconf 92' lang='lat' dir='ltr'><strong>ut</strong></span> <span class='ocrx_word' id='word_1_81' title='bbox 796 2633 841 2715; x_wconf 70' lang='lat' dir='ltr'><strong>ef).</strong></span> <span class='ocrx_word' id='word_1_82' title='bbox 933 2656 940 2669; x_wconf 93' lang='lat'><strong>·</strong></span> 
     </span>
     <span class='ocr_line' id='line_1_24' title="bbox 312 2733 771 2818; baseline 0.009 -22"><span class='ocrx_word' id='word_1_83' title='bbox 312 2733 459 2798; x_wconf 84' lang='lat' dir='ltr'><strong>Aurelius</strong></span> <span class='ocrx_word' id='word_1_84' title='bbox 482 2733 645 2816; x_wconf 88' lang='lat' dir='ltr'><strong>Clipiensis</strong></span> <span class='ocrx_word' id='word_1_85' title='bbox 666 2735 704 2800; x_wconf 90' lang='lat' dir='ltr'><strong>ut</strong></span> <span class='ocrx_word' id='word_1_86' title='bbox 725 2736 771 2818; x_wconf 70' lang='lat' dir='ltr'><strong>si).</strong></span> 
     </span>
     <span class='ocr_line' id='line_1_25' title="bbox 312 2834 871 2922; baseline 0.004 -22"><span class='ocrx_word' id='word_1_87' title='bbox 312 2834 459 2901; x_wconf 86' lang='lat' dir='ltr'><strong>Ceronius</strong></span> <span class='ocrx_word' id='word_1_88' title='bbox 482 2837 741 2922; x_wconf 83' lang='lat' dir='ltr'><strong>Meglopolitanus</strong></span> <span class='ocrx_word' id='word_1_89' title='bbox 768 2839 804 2903; x_wconf 93' lang='lat' dir='ltr'><strong>ut</strong></span> <span class='ocrx_word' id='word_1_90' title='bbox 826 2838 871 2921; x_wconf 70' lang='lat' dir='ltr'><strong>sir.</strong></span> 
     </span>
    </p>

    <p class='ocr_par' dir='ltr' id='par_1_13' title="bbox 253 2937 870 3211">
     <span class='ocr_line' id='line_1_26' title="bbox 253 2937 825 3021; baseline 0.002 -19"><span class='ocrx_word' id='word_1_91' title='bbox 253 2937 296 3002; x_wconf 90' lang='grc'><strong>40</strong></span> <span class='ocrx_word' id='word_1_92' title='bbox 312 2939 488 3003; x_wconf 90' lang='lat' dir='ltr'><strong>Benenatus</strong></span> <span class='ocrx_word' id='word_1_93' title='bbox 511 2940 697 3006; x_wconf 84' lang='lat' dir='ltr'><strong>Fimidensis</strong></span> <span class='ocrx_word' id='word_1_94' title='bbox 720 2942 757 3006; x_wconf 90' lang='lat' dir='ltr'><strong>ut</strong></span> <span class='ocrx_word' id='word_1_95' title='bbox 778 2941 825 3021; x_wconf 70' lang='lat' dir='ltr'><strong>ss).</strong></span> 
     </span>
     <span class='ocr_line' id='line_1_27' title="bbox 315 3041 850 3126; baseline -0.004 -19"><span class='ocrx_word' id='word_1_96' title='bbox 315 3041 496 3107; x_wconf 89' lang='lat' dir='ltr'><strong>Uincentius</strong></span> <span class='ocrx_word' id='word_1_97' title='bbox 520 3043 690 3126; x_wconf 83' lang='lat' dir='ltr'><strong>Ziggensie.</strong></span> <span class='ocrx_word' id='word_1_98' title='bbox 723 3042 757 3108; x_wconf 92' lang='lat' dir='ltr'><strong>in</strong></span> <span class='ocrx_word' id='word_1_99' title='bbox 780 3041 850 3107; x_wconf 86' lang='lat' dir='ltr'><strong>exil.</strong></span> 
     </span>
     <span class='ocr_line' id='line_1_28' title="bbox 313 3143 870 3211; baseline 0.002 -4"><span class='ocrx_word' id='word_1_100' title='bbox 313 3144 485 3208; x_wconf 85' lang='lat' dir='ltr'><strong>Florentius</strong></span> <span class='ocrx_word' id='word_1_101' title='bbox 507 3143 703 3211; x_wconf 85' lang='lat' dir='ltr'><strong>Seminensis.</strong></span> <span class='ocrx_word' id='word_1_102' title='bbox 735 3143 870 3211; x_wconf 87' lang='lat' dir='ltr'><strong>Corsica.</strong></span> 
     </span>
    </p>
   </div>
   <div class='ocr_carea' id='block_1_4' title="bbox 25 3347 1229 4260">
    <p class='ocr_par' dir='ltr' id='par_1_14' title="bbox 25 3347 1229 4260">
     <span class='ocr_line' id='line_1_29' title="bbox 160 3347 1229 3403; baseline 0.003 -4"><span class='ocrx_word' id='word_1_103' title='bbox 160 3347 192 3401; x_wconf 88' lang='grc'><strong>16</strong></span> <span class='ocrx_word' id='word_1_104' title='bbox 204 3347 478 3402; x_wconf 82' lang='lat' dir='ltr'><strong>Duassenemealensis</strong></span> <span class='ocrx_word' id='word_1_105' title='bbox 491 3349 621 3403; x_wconf 79' lang='lat' dir='ltr'><strong>Halmius</strong></span> <span class='ocrx_word' id='word_1_106' title='bbox 639 3347 858 3403; x_wconf 85' lang='lat' dir='ltr'><strong>Duae-Senemsal</strong></span> <span class='ocrx_word' id='word_1_107' title='bbox 870 3347 1021 3402; x_wconf 77' lang='lat' dir='ltr'><strong>Betucius:</strong></span> <span class='ocrx_word' id='word_1_108' title='bbox 1034 3347 1229 3403; x_wconf 83' lang='lat' dir='ltr'><strong>duassedemsai</strong></span> 
     </span>
     <span class='ocr_line' id='line_1_30' title="bbox 108 3430 1228 3503; baseline 0.003 -19"><span class='ocrx_word' id='word_1_109' title='bbox 108 3430 170 3484; x_wconf 80' lang='grc' dir='ltr'><strong>ΑΗ</strong></span> <span class='ocrx_word' id='word_1_110' title='bbox 268 3433 301 3486; x_wconf 89' lang='grc'><strong>19</strong></span> <span class='ocrx_word' id='word_1_111' title='bbox 318 3433 371 3503; x_wconf 92' lang='lat' dir='ltr'><strong>hic]</strong></span> <span class='ocrx_word' id='word_1_112' title='bbox 390 3434 424 3500; x_wconf 84' lang='lat' dir='ltr'><strong>cf.</strong></span> <span class='ocrx_word' id='word_1_113' title='bbox 443 3435 619 3503; x_wconf 76' lang='lat' dir='ltr'><strong>Pcpeaoorott</strong></span> <span class='ocrx_word' id='word_1_114' title='bbox 633 3450 663 3502; x_wconf 78' lang='lat' dir='ltr'><strong>p.</strong></span> <span class='ocrx_word' id='word_1_115' title='bbox 677 3437 780 3502; x_wconf 68' lang='lat'><strong>37134.</strong></span> <span class='ocrx_word' id='word_1_116' title='bbox 882 3433 916 3487; x_wconf 82' lang='lat'><strong>20</strong></span> <span class='ocrx_word' id='word_1_117' title='bbox 933 3433 1072 3486; x_wconf 85' lang='lat' dir='ltr'><strong>urcitanus</strong></span> <span class='ocrx_word' id='word_1_118' title='bbox 1089 3432 1116 3485; x_wconf 81' lang='lat' dir='ltr'><em>A</em></span> <span class='ocrx_word' id='word_1_119' title='bbox 1145 3433 1228 3487; x_wconf 78' lang='lat' dir='ltr'><strong>ursci-</strong></span> 
     </span>
     <span class='ocr_line' id='line_1_31' title="bbox 107 3517 1227 3588; baseline 0.001 -18"><span class='ocrx_word' id='word_1_120' title='bbox 107 3518 187 3570; x_wconf 86' lang='lat' dir='ltr'><strong>tcnus</strong></span> <span class='ocrx_word' id='word_1_121' title='bbox 204 3517 239 3570; x_wconf 89' lang='lat' dir='ltr'><strong><em>H</em></strong></span> <span class='ocrx_word' id='word_1_122' title='bbox 240 3539 249 3582; x_wconf 88' lang='lat'><em>;</em></span> <span class='ocrx_word' id='word_1_123' title='bbox 272 3519 308 3584; x_wconf 78' lang='lat' dir='ltr'><strong>cf.</strong></span> <span class='ocrx_word' id='word_1_124' title='bbox 329 3518 397 3574; x_wconf 82' lang='lat' dir='ltr'><strong>Vict.</strong></span> <span class='ocrx_word' id='word_1_125' title='bbox 413 3521 438 3588; x_wconf 86' lang='lat'><strong>1,</strong></span> <span class='ocrx_word' id='word_1_126' title='bbox 452 3524 487 3574; x_wconf 89' lang='lat'><strong>10</strong></span> <span class='ocrx_word' id='word_1_127' title='bbox 588 3519 620 3574; x_wconf 81' lang='lat'><strong>21</strong></span> <span class='ocrx_word' id='word_1_128' title='bbox 640 3519 823 3573; x_wconf 80' lang='lat' dir='ltr'><strong>Fennoneneis</strong></span> <span class='ocrx_word' id='word_1_129' title='bbox 841 3534 885 3588; x_wconf 70' lang='lat' dir='ltr'><strong>eoo</strong></span> <span class='ocrx_word' id='word_1_130' title='bbox 903 3520 987 3586; x_wconf 76' lang='lat' dir='ltr'><strong>(coac.</strong></span> <span class='ocrx_word' id='word_1_131' title='bbox 1003 3517 1096 3575; x_wconf 72' lang='lat' dir='ltr'><strong>sorta</strong></span> <span class='ocrx_word' id='word_1_132' title='bbox 1111 3533 1136 3572; x_wconf 87' lang='lat' dir='ltr'><strong>c.</strong></span> <span class='ocrx_word' id='word_1_133' title='bbox 1149 3521 1227 3585; x_wconf 80' lang='lat'><em>525):</em></span> 
     </span>
     <span class='ocr_line' id='line_1_32' title="bbox 25 3595 1227 3676; baseline 0.002 -21"><span class='ocrx_word' id='word_1_134' title='bbox 25 3629 32 3642; x_wconf 91' lang='lat'><strong>·</strong></span> <span class='ocrx_word' id='word_1_135' title='bbox 106 3603 277 3656; x_wconf 86' lang='lat' dir='ltr'><strong>tennonensie</strong></span> <span class='ocrx_word' id='word_1_136' title='bbox 303 3603 331 3657; x_wconf 78' lang='lat' dir='ltr'><strong><em>A</em></strong></span> <span class='ocrx_word' id='word_1_137' title='bbox 456 3595 526 3675; x_wconf 62' lang='lat' dir='ltr'><strong>prbt]</strong></span> <span class='ocrx_word' id='word_1_138' title='bbox 544 3605 579 3660; x_wconf 81' lang='lat' dir='ltr'><strong>de</strong></span> <span class='ocrx_word' id='word_1_139' title='bbox 596 3607 645 3661; x_wconf 80' lang='lat' dir='ltr'><strong>too</strong></span> <span class='ocrx_word' id='word_1_140' title='bbox 661 3606 726 3676; x_wconf 68' lang='lat' dir='ltr'><strong>siolo</strong></span> <span class='ocrx_word' id='word_1_141' title='bbox 743 3606 871 3673; x_wconf 61' lang='lat' dir='ltr'><strong>censeas</strong></span> <span class='ocrx_word' id='word_1_142' title='bbox 888 3603 1026 3660; x_wconf 76' lang='lat' dir='ltr'><strong>Recioorti</strong></span> <span class='ocrx_word' id='word_1_143' title='bbox 1043 3603 1174 3660; x_wconf 74' lang='lat' dir='ltr'><strong>admonet</strong></span> <span class='ocrx_word' id='word_1_144' title='bbox 1195 3605 1227 3659; x_wconf 78' lang='lat' dir='ltr'><strong>in</strong></span> 
     </span>
     <span class='ocr_line' id='line_1_33' title="bbox 105 3684 1228 3762; baseline 0 -19"><span class='ocrx_word' id='word_1_145' title='bbox 105 3687 194 3745; x_wconf 76' lang='lat' dir='ltr'><strong>Nost.</strong></span> <span class='ocrx_word' id='word_1_146' title='bbox 208 3684 303 3754; x_wconf 73' lang='lat' dir='ltr'><strong>&#39;Afric</strong></span> <span class='ocrx_word' id='word_1_147' title='bbox 322 3689 447 3759; x_wconf 75' lang='lat' dir='ltr'><strong><em>(LVIII,</em></strong></span> <span class='ocrx_word' id='word_1_148' title='bbox 463 3707 492 3760; x_wconf 78' lang='lat' dir='ltr'><strong>p.</strong></span> <span class='ocrx_word' id='word_1_149' title='bbox 505 3695 560 3746; x_wconf 75' lang='lat'><strong>267</strong></span> <span class='ocrx_word' id='word_1_150' title='bbox 572 3692 678 3762; x_wconf 55' lang='lat' dir='ltr'><strong>Moyse)</strong></span> <span class='ocrx_word' id='word_1_151' title='bbox 696 3698 724 3746; x_wconf 87' lang='lat' dir='ltr'><strong>et</strong></span> <span class='ocrx_word' id='word_1_152' title='bbox 743 3691 918 3759; x_wconf 76' lang='lat' dir='ltr'><strong>Pcpeeecordt</strong></span> <span class='ocrx_word' id='word_1_153' title='bbox 932 3707 962 3760; x_wconf 75' lang='lat' dir='ltr'><strong>p.</strong></span> <span class='ocrx_word' id='word_1_154' title='bbox 975 3693 1035 3746; x_wconf 73' lang='lat'><strong>372</strong></span> <span class='ocrx_word' id='word_1_155' title='bbox 1136 3690 1170 3744; x_wconf 75' lang='lat' dir='ltr'><strong>FC</strong></span> <span class='ocrx_word' id='word_1_156' title='bbox 1187 3705 1228 3744; x_wconf 85' lang='lat' dir='ltr'><strong>ex·</strong></span> 
     </span>
     <span class='ocr_line' id='line_1_34' title="bbox 105 3772 1229 3846; baseline 0.003 -20"><span class='ocrx_word' id='word_1_157' title='bbox 105 3772 216 3828; x_wconf 77' lang='lat' dir='ltr'><strong>itxio&#39;sus</strong></span> <span class='ocrx_word' id='word_1_158' title='bbox 233 3775 261 3828; x_wconf 77' lang='lat' dir='ltr'><strong><em>A</em></strong></span> <span class='ocrx_word' id='word_1_159' title='bbox 363 3776 395 3830; x_wconf 80' lang='grc'><strong>27</strong></span> <span class='ocrx_word' id='word_1_160' title='bbox 414 3792 513 3831; x_wconf 85' lang='lat' dir='ltr'><strong>cresces</strong></span> <span class='ocrx_word' id='word_1_161' title='bbox 525 3779 669 3833; x_wconf 83' lang='lat' dir='ltr'><strong>oiesitanus</strong></span> <span class='ocrx_word' id='word_1_162' title='bbox 687 3779 715 3832; x_wconf 78' lang='lat' dir='ltr'><strong><em>A</em></strong></span> <span class='ocrx_word' id='word_1_163' title='bbox 734 3778 831 3846; x_wconf 86' lang='lat' dir='ltr'><strong>(Cicisa</strong></span> <span class='ocrx_word' id='word_1_164' title='bbox 845 3776 910 3833; x_wconf 81' lang='lat' dir='ltr'><strong>Tot.</strong></span> <span class='ocrx_word' id='word_1_165' title='bbox 924 3777 1018 3846; x_wconf 85' lang='lat' dir='ltr'><strong>Peot.)</strong></span> <span class='ocrx_word' id='word_1_166' title='bbox 1113 3776 1149 3830; x_wconf 75' lang='lat'><strong>28</strong></span> <span class='ocrx_word' id='word_1_167' title='bbox 1163 3776 1229 3830; x_wconf 87' lang='lat' dir='ltr'><strong>boli-</strong></span> 
     </span>
     <span class='ocr_line' id='line_1_35' title="bbox 105 3860 1228 3932; baseline 0.003 -19"><span class='ocrx_word' id='word_1_168' title='bbox 105 3862 186 3914; x_wconf 86' lang='lat' dir='ltr'><strong>tenus</strong></span> <span class='ocrx_word' id='word_1_169' title='bbox 203 3860 266 3914; x_wconf 81' lang='lat' dir='ltr'><strong>AH</strong></span> <span class='ocrx_word' id='word_1_170' title='bbox 278 3861 398 3928; x_wconf 78' lang='lat' dir='ltr'><strong>(litterae</strong></span> <span class='ocrx_word' id='word_1_171' title='bbox 418 3863 433 3916; x_wconf 91' lang='lat' dir='ltr'>b</span> <span class='ocrx_word' id='word_1_172' title='bbox 451 3868 476 3917; x_wconf 84' lang='lat' dir='ltr'><strong>et</strong></span> <span class='ocrx_word' id='word_1_173' title='bbox 493 3879 512 3916; x_wconf 86' lang='lat' dir='ltr'><strong>u</strong></span> <span class='ocrx_word' id='word_1_174' title='bbox 528 3863 560 3917; x_wconf 73' lang='lat' dir='ltr'><strong>tro</strong></span> <span class='ocrx_word' id='word_1_175' title='bbox 574 3864 602 3917; x_wconf 79' lang='lat' dir='ltr'><strong><em>A</em></strong></span> <span class='ocrx_word' id='word_1_176' title='bbox 613 3879 694 3932; x_wconf 77' lang='lat' dir='ltr'><strong>saepe</strong></span> <span class='ocrx_word' id='word_1_177' title='bbox 706 3863 928 3931; x_wconf 76' lang='lat' dir='ltr'><strong>cocswedsmtcr)</strong></span> <span class='ocrx_word' id='word_1_178' title='bbox 1030 3864 1064 3918; x_wconf 78' lang='lat'><strong>32</strong></span> <span class='ocrx_word' id='word_1_179' title='bbox 1082 3862 1228 3918; x_wconf 68' lang='lat' dir='ltr'><strong>&#39;sinicensis</strong></span> 
     </span>
     <span class='ocr_line' id='line_1_36' title="bbox 106 3944 1227 4020; baseline 0.002 -20"><span class='ocrx_word' id='word_1_180' title='bbox 106 3959 167 4015; x_wconf 70' lang='lat' dir='ltr'><strong>eoo:</strong></span> <span class='ocrx_word' id='word_1_181' title='bbox 191 3945 348 4002; x_wconf 83' lang='lat' dir='ltr'><strong>tinnisensis</strong></span> <span class='ocrx_word' id='word_1_182' title='bbox 365 3948 406 4014; x_wconf 82' lang='lat' dir='ltr'><strong>A,</strong></span> <span class='ocrx_word' id='word_1_183' title='bbox 429 3948 568 4003; x_wconf 84' lang='lat' dir='ltr'><strong>tinicensis</strong></span> <span class='ocrx_word' id='word_1_184' title='bbox 586 3949 620 4003; x_wconf 88' lang='lat' dir='ltr'><strong><em>H</em></strong></span> <span class='ocrx_word' id='word_1_185' title='bbox 629 3953 665 4016; x_wconf 87' lang='lat'><strong>(.)</strong></span> <span class='ocrx_word' id='word_1_186' title='bbox 760 3949 794 4003; x_wconf 78' lang='lat'><strong>33</strong></span> <span class='ocrx_word' id='word_1_187' title='bbox 812 3944 984 4004; x_wconf 80' lang='lat' dir='ltr'><strong>Culusitanus</strong></span> <span class='ocrx_word' id='word_1_188' title='bbox 1002 3965 1047 4020; x_wconf 72' lang='lat' dir='ltr'><strong>eoo</strong></span> <span class='ocrx_word' id='word_1_189' title='bbox 1065 3949 1148 4016; x_wconf 74' lang='lat' dir='ltr'><strong>(Vico.</strong></span> <span class='ocrx_word' id='word_1_190' title='bbox 1162 3949 1227 4013; x_wconf 83' lang='lat'><strong><em>111,</em></strong></span> 
     </span>
     <span class='ocr_line' id='line_1_37' title="bbox 106 4032 1228 4105; baseline 0.004 -21"><span class='ocrx_word' id='word_1_191' title='bbox 106 4032 168 4098; x_wconf 79' lang='lat'><strong>26):</strong></span> <span class='ocrx_word' id='word_1_192' title='bbox 194 4032 342 4086; x_wconf 79' lang='lat' dir='ltr'><strong>culsitanae</strong></span> <span class='ocrx_word' id='word_1_193' title='bbox 363 4034 427 4089; x_wconf 81' lang='grc' dir='ltr'><strong>ΑΗ</strong></span> <span class='ocrx_word' id='word_1_194' title='bbox 533 4034 566 4088; x_wconf 85' lang='grc'><strong>36</strong></span> <span class='ocrx_word' id='word_1_195' title='bbox 593 4034 774 4090; x_wconf 78' lang='lat' dir='ltr'><strong>curubitanus</strong></span> <span class='ocrx_word' id='word_1_196' title='bbox 797 4049 842 4105; x_wconf 71' lang='lat' dir='ltr'><strong>ayo</strong></span> <span class='ocrx_word' id='word_1_197' title='bbox 861 4035 989 4105; x_wconf 65' lang='lat' dir='ltr'><strong>(Acuunt.</strong></span> <span class='ocrx_word' id='word_1_198' title='bbox 1012 4034 1040 4090; x_wconf 84' lang='lat'><strong>0.</strong></span> <span class='ocrx_word' id='word_1_199' title='bbox 1064 4035 1102 4092; x_wconf 89' lang='lat' dir='ltr'><strong>D.</strong></span> <span class='ocrx_word' id='word_1_200' title='bbox 1121 4033 1228 4100; x_wconf 78' lang='lat' dir='ltr'><em>XXII,</em></span> 
     </span>
     <span class='ocr_line' id='line_1_38' title="bbox 105 4109 1161 4190; baseline 0.003 -19"><span class='ocrx_word' id='word_1_201' title='bbox 105 4118 150 4184; x_wconf 78' lang='lat'><strong>8):</strong></span> <span class='ocrx_word' id='word_1_202' title='bbox 176 4117 332 4173; x_wconf 84' lang='lat' dir='ltr'><strong>curbitenus</strong></span> <span class='ocrx_word' id='word_1_203' title='bbox 349 4121 376 4174; x_wconf 78' lang='lat' dir='ltr'><em>A</em></span> <span class='ocrx_word' id='word_1_204' title='bbox 471 4120 504 4174; x_wconf 77' lang='lat'><strong>37</strong></span> <span class='ocrx_word' id='word_1_205' title='bbox 522 4120 713 4175; x_wconf 88' lang='lat' dir='ltr'><strong>simminiensis</strong></span> <span class='ocrx_word' id='word_1_206' title='bbox 731 4121 762 4175; x_wconf 89' lang='lat' dir='ltr'><strong><em>H</em></strong></span> <span class='ocrx_word' id='word_1_207' title='bbox 803 4115 804 4118; x_wconf 61' lang='grc'>’</span> <span class='ocrx_word' id='word_1_208' title='bbox 855 4109 1161 4190; x_wconf 71' lang='lat' dir='ltr'><strong>39megapolitanusfl</strong></span> 
     </span>
     <span class='ocr_line' id='line_1_39' title="bbox 104 4202 401 4260; baseline 0.01 -2"><span class='ocrx_word' id='word_1_209' title='bbox 104 4202 139 4258; x_wconf 82' lang='lat'><strong>40</strong></span> <span class='ocrx_word' id='word_1_210' title='bbox 155 4202 351 4260; x_wconf 83' lang='lat' dir='ltr'><strong>timidianensis</strong></span> <span class='ocrx_word' id='word_1_211' title='bbox 369 4207 401 4260; x_wconf 89' lang='grc' dir='ltr'><em>Η</em></span> 
     </span>
    </p>
   </div>
   <div class='ocr_carea' id='block_1_5' title="bbox 0 0 1406 4830">
    <p class='ocr_par' dir='ltr' id='par_1_15' title="bbox 0 0 1406 4830">
     <span class='ocr_line' id='line_1_40' title="bbox 0 0 1406 4830; baseline 0 4"><span class='ocrx_word' id='word_1_212' title='bbox 0 0 1406 4830; x_wconf 95' lang='lat' dir='ltr'><strong> </strong></span> 
     </span>
    </p>
   </div>
  </div>
 </body>
</html>
