2804 4830
154 307 196 371 20
544 304 697 358 Uictoris
727 305 880 359 Uitensis

151 515 201 560 me
223 495 353 578 sepelire
375 496 522 580 digneris,
556 497 732 561 redditurus
763 498 885 562 domino
913 502 1029 573 nostro,
1058 497 1120 562 nisi
1149 496 1270 572 feceris,

150 600 320 666 rationom’.
343 598 414 664 Non
436 599 516 682 quod
537 600 591 664 ille
613 604 741 678 curaret,
766 603 818 666 ubi
840 599 894 664 aut
916 600 1049 682 qualiter
1071 618 1161 664 suurn
1184 618 1273 680 sepe·

149 703 262 768 liretur
295 721 415 785 corpus,
449 703 502 767 sed
525 707 559 767 ut
582 703 661 766 illud
692 705 965 779 demonstraretur,
1000 703 1082 786 qnod
1104 721 1193 767 seruo
1214 721 1271 768 suo

99 807 140 873 46
150 807 342 871 reuelauerat
365 808 450 870 deus.
473 806 644 889 Respondit
659 807 745 870 Felix
768 809 798 870 et
816 806 909 871 dicit:
932 805 1026 870 ‘absit
1042 807 1174 885 anobis,
1195 825 1271 871 cou-

150 907 248 973 fossor
280 908 475 986 uenerabilis,
510 910 564 973 sed
594 910 742 992 sepeliam
764 914 796 974 te
818 909 853 974 in
880 927 944 974 una
971 910 1169 975 basilicarum
1198 928 1308 975 cums

149 1010 306 1092 triumpho
330 1015 362 1075 et
383 1013 485 1094 gratia
508 1031 568 1095 qua
596 1012 743 1076 mereris'.
782 1012 839 1077 Oui
861 1012 971 1078 beatus
993 1015 1163 1096 Armogas:
1186 1009 1269 1089 ι111111,

148 1117 201 1180 sed
224 1117 303 1196 quod
318 1115 379 1179 dixi
402 1115 542 1180 facturus
561 1116 612 1179 es'.
634 1116 694 1180 Ille
710 1116 825 1180 timens
840 1116 890 1181 dei
904 1117 1060 1182 hominem
1076 1117 1269 1192 contristare,

148 1218 298 1283 ueraciter
323 1219 405 1301 quod
426 1220 561 1283 iusserat
583 1220 726 1300 promisit
749 1237 815 1284 esse
838 1219 1002 1285 facturum.
1047 1219 1163 1285 Statim
1184 1219 1271 1282 intra

147 1322 346 1404 paucissimos
369 1322 434 1386 dies
458 1339 559 1386 comes
575 1324 671 1387 bonae
686 1321 883 1387 confessionis
905 1325 942 1387 de
958 1323 1014 1388 hac
1029 1322 1096 1387 uita
1111 1321 1269 1404 migrauit.

145 1423 321 1489 Festinauit
341 1424 427 1488 Felix
450 1424 512 1488 sibi
534 1424 712 1509 delegatum
734 1424 791 1489 sub
808 1427 914 1491 arbore
931 1425 1035 1490 fodere
1058 1425 1306 1508 sepulchrumro

146 1526 215 1606 Qui,
251 1545 320 1591 cum
349 1527 462 1592 intexti
494 1529 611 1592 radices
635 1532 666 1592 et
690 1527 830 1593 soliditas
865 1528 968 1593 aridae
995 1529 1118 1594 telluris
1147 1546 1269 1593 moram

145 1629 260 1695 faceret
283 1635 313 1695 et
335 1630 484 1712 laborem,
518 1631 699 1713 angebatur,
731 1633 811 1714 quod
841 1631 965 1696 tardius
994 1632 1095 1696 sancti
1124 1631 1269 1696 membra

146 1735 280 1815 corporis
303 1735 514 1798 humarentur.
560 1734 697 1798 Tandem
719 1733 848 1798 abscisis
871 1733 1025 1799 radicibus
1048 1736 1147 1799 multo
1170 1735 1268 1800 altius

145 1838 261 1903 terram
277 1841 420 1902 canantes
436 1837 626 1918 conspiciunt
637 1838 831 1922 sarcofagum
846 1837 1086 1921 splendidissimi
1103 1838 1268 1903 marmoris

144 1943 371 2024 praeparatum,
395 1941 520 2023 qualem
542 1940 621 2005 forte
644 1941 748 2005 nullus
771 1941 896 2006 omnino
918 1941 1028 2007 habuit
1050 1961 1169 2025 regum.
1278 1965 1306 2006 15

93 2080 135 2144 47
190 2080 299 2164 (le)
323 2079 383 2145 Sed
412 2099 469 2144 nec
497 2079 651 2160 quendam
684 2079 914 2156 archimimum‚
948 2081 1072 2145 nominc
1093 2080 1267 2155 Masculan,

143 2183 238 2248 debeo
260 2185 438 2264 praeterire.
463 2183 609 2263 Quicum
625 2183 733 2248 multis
748 2181 868 2247 insidiis
883 2184 1084 2264 premeretur,
1107 2183 1144 2246 111
1159 2182 1267 2247 catho-

142 2286 238 2352 licam
261 2288 421 2352 amitteret
450 2286 552 2363 fidem,
582 2288 648 2370 ipse
671 2305 742 2351 eum
763 2305 816 2350 rex
842 2290 948 2369 postea
977 2286 1163 2351 blandiendo
1186 2285 1266 2349 affa-

142 2391 226 2454 tibus
256 2392 464 2455 saooularibus
492 2391 660 2466 inuitabat,
695 2391 878 2471 promittens
908 2389 1019 2454 multis
1042 2408 1114 2453 eum
1140 2388 1264 2453 diuitiis

142 2493 373 2570 cumulandum,
396 2494 424 2557 si
446 2493 603 2558 uoluntati
624 2496 687 2558 eius
709 2492 852 2558 auditum
880 2492 1006 2557 facilem
1029 2492 1264 2556 commodasset.
1277 2511 1306 2551 ao

141 2595 201 2674 Qui
225 2614 295 2660 oum
317 2596 406 2662 fortis
430 2597 521 2679 atque
544 2596 679 2662 inuictus
702 2599 851 2672 maneret,
874 2595 962 2660 iubet
977 2614 1048 2659 eum
1066 2594 1170 2658 subire
1192 2612 1265 2658 sen-

139 2698 272 2764 tentiam
295 2701 472 2780 capitalem,
502 2701 549 2765 ita
571 2703 675 2765 tamen
698 2700 830 2766 callidus
851 2699 970 2764 occulto
993 2697 1195 2781 praecipiens,
1228 2699 1266 2760 ut

139 2803 165 2866 si
185 2802 220 2866 in
235 2802 291 2867 illa
306 2803 381 2867 hora
395 2803 551 2868 uibrantis
573 2803 670 2886 gladii
693 2804 924 2885 pertimesceret
945 2803 1054 2880 ictum,
1077 2801 1177 2884 magis
1192 2817 1265 2863 eum

139 2905 300 2978 occideret,
324 2925 361 2969 no
384 2911 555 2989 martyrem
577 2907 746 2988 gloriosum
769 2905 909 2988 fecissct3
933 2907 960 2969 si
975 2908 1080 2970 autem
1102 2903 1216 2967 fortem
1231 2904 1265 2966 in

139 3010 327 3075 confessione
351 3011 548 3093 conspiceret,
582 3031 600 3076 a
621 3012 726 3096 gladio
753 3012 950 3091 temperaret.
995 3007 1054 3073 Sed
1077 3007 1130 3071 ille
1152 3007 1189 3070 ut
1211 3024 1303 3070 oo-rs

190 3283 305 3352 ldood
344 3344 347 3350 Δ
408 3285 573 3340 dreuelauit
598 3285 635 3339 W
732 3284 801 3338 dixit
822 3285 901 3338 Moab
1003 3283 1193 3352 bsepiliamb

136 3370 153 3422 6
170 3385 250 3438 quom
268 3371 331 3440 olid
435 3372 487 3441 cui]
507 3373 583 3425 cuius
600 3372 616 3426 b
714 3372 857 3440 armogast’
875 3370 934 3438 (sed
951 3373 957 3390 ¹
975 3387 1049 3424 moro.
1068 3387 1120 3424 rec.
1138 3370 1218 3437 odd.)
1241 3369 1265 3424 0

136 3460 300 3524 armogastes
318 3458 385 3511 Meo
471 3459 486 3511 7
505 3457 678 3513 constristare
690 3458 728 3511 B¹
755 3457 909 3512 contristari
922 3474 940 3510 a
1025 3459 1042 3510 8
1060 3471 1156 3510 ecesse
1174 3458 1192 3525 β

134 3543 165 3596 11
195 3542 257 3612 Qui]
286 3544 328 3597 cui
356 3544 439 3598 euno
571 3544 691 3597 intextae
721 3545 821 3600 WsoL
953 3543 1081 3597 solidatas
1108 3542 1193 3597 Pb¹R

136 3629 169 3683 12
188 3629 304 3683 facerent
321 3631 366 3684 ol]
463 3632 490 3684 et
508 3646 558 3684 om.
577 3648 594 3683 o
692 3629 780 3684 laboro
795 3631 889 3700 WoLd
986 3632 1129 3699 angeretur
1147 3629 1193 3696 Lo

134 3717 169 3770 14
185 3720 307 3771 canentes
330 3717 435 3772 VCPR
550 3717 718 3785 sartofagum
736 3716 796 3770 BV
809 3716 933 3786 (Sobucb.
952 3717 974 3781 1,
993 3717 1056 3781 161;
1074 3716 1127 3781 ΙΠ,
1146 3715 1191 3783 83)

134 3803 383 3872 spendidissimiO
487 3804 518 3858 15
545 3803 622 3871 qualo
649 3803 687 3856 M
786 3803 819 3856 16
842 3803 912 3855 ncb
1014 3801 1190 3871 quandamli

133 3889 309 3945 archiaminiir
327 3889 364 3942 W
384 3889 570 3944 archiminium
589 3889 652 3945 ML
676 3889 855 3944 archinimum
873 3890 890 3958 β
987 3889 1178 3957 mausculanli
1205 3903 1260 3940 ma-

133 3977 283 4030 sculaums
370 3977 403 4030 18
421 3976 571 4030 demitteret
588 3977 616 4030 B
643 3976 765 4030 comittet
783 3975 809 4029 V
832 3977 949 4030 obmutet
970 3976 993 4030 0
1017 3975 1193 4029 commutaret
1211 3973 1260 4027 Me

134 4063 271 4117 omitteret
288 4063 334 4117 aL
437 4064 470 4117 19
488 4063 661 4132 promittitd
765 4079 825 4116 eum
843 4061 936 4115 multis
954 4062 1027 4116 Msb
1128 4060 1164 4114 20
1181 4059 1259 4114 audi·

133 4149 223 4201 tamb
317 4149 459 4203 11111117ι
556 4149 589 4202 21
608 4149 726 4204 inuictus
745 4149 774 4202 in
791 4148 877 4216 fidoli
975 4148 1028 4201 sibi
1046 4147 1135 4201 subire
1150 4145 1190 4200 W

133 4236 298 4289 sententiab
388 4235 422 4288 22
440 4235 552 4289 callidus
570 4251 656 4289 omo
746 4233 780 4288 24
795 4235 944 4304 martyreb
1034 4234 1068 4287 25
1085 4251 1101 4287 a
1119 4248 1168 4287 om.
1184 4233 1225 4288 W
