2804 4830
1178 283 1203 342 V

120 465 224 532 Multo
253 464 353 531 artius
375 460 481 530 PhR
503 463 585 530 inter
608 480 641 528 se
664 461 837 545 cohaerent,
872 476 948 546 qnos
972 481 988 528 e
1009 455 1114 530 omre
1141 476 1202 528 non

78 569 155 634 adeo
178 571 302 635 uetusto
333 567 487 634 deriuatos
509 583 575 633 esse
598 563 802 649 plurimamm
823 565 1004 650 lectionum,
1027 556 1203 648 'interpola-

77 671 210 752 tionum,
233 670 416 737 lacunamm
432 687 581 737 consensu
595 670 700 755 aperte
716 666 953 735 demonstratur.
976 663 1078 754 Igitur
1095 668 1203 733 arohe-

76 778 189 858 typum
203 778 236 858 β,
258 774 291 839 in
307 791 366 856 qno
382 791 479 839 unum
502 771 614 839 folium
636 772 861 856 transpositum
877 776 946 838 erat
960 771 1013 856 (of.
1029 770 1068 836 ad
1081 769 1140 850 ΠΙ,
1155 770 1201 854 9),

77 896 177 960 neque
211 877 418 960 antiquiorem
451 877 546 943 ihisse
568 876 794 961 Bambergensi
828 893 926 958 neque
952 875 1113 941 meliorem
1134 873 1203 938 inre

77 980 291 1045 affirmarems.

120 1101 239 1166 Locum
260 1118 384 1184 prorsus
406 1100 597 1184 singularem
620 1099 663 1167 W
682 1100 811 1166 obtinet.
836 1099 895 1180 Qui
918 1117 989 1166 oum
1011 1101 1050 1166 ab
1072 1105 1204 1182 utraque

78 1204 202 1270 familia
223 1203 265 1269 sit
286 1205 378 1289 longe
400 1205 550 1284 diuersus,
583 1204 708 1288 propius
737 1206 843 1270 tamen
865 1205 904 1269 ad
925 1227 947 1267 α
969 1202 1088 1269 aceedit
1111 1221 1203 1286 quam

78 1307 118 1372 ad
139 1313 171 1392 β.
193 1309 299 1374 Habet
321 1325 393 1373 snas
416 1308 571 1389 lectiones,
596 1326 668 1373 suas
689 1308 827 1384 lacunas,
851 1327 922 1374 suas
940 1306 1204 1390 interpolationes,

78 1429 170 1477 suam
193 1411 288 1476 etiam
310 1411 569 1496 orthographiam.
601 1409 685 1490 Quae
707 1430 779 1476 eum
800 1410 848 1476 ita
869 1409 943 1490 sint,
971 1410 1056 1476 hand
1077 1408 1140 1474 soio
1163 1428 1202 1474 an
1227 1427 1231 1435 ·

77 1513 195 1578 reetius
217 1513 281 1578 tria
302 1514 453 1580 librorum
475 1532 588 1597 genera
611 1533 704 1596 quam
727 1517 785 1580 duo
810 1533 876 1580 esse
899 1513 1029 1580 statuae.

122 1632 328 1699 Communem
356 1636 496 1725 omnium
522 1633 676 1700 librorum
709 1636 859 1717 originem
881 1634 1028 1700 lectiones
1050 1637 1201 1718 quaedam

77 1737 209 1803 uitiatae
243 1735 420 1814 ostendunt,
455 1756 532 1820 quae
559 1741 615 1802 aut
642 1739 676 1802 in
706 1737 848 1803 omnibus
882 1740 990 1803 autin
1022 1737 1201 1804 mehorihus

79 1858 176 1922 aeque
197 1840 405 1923 reperiuntur.

286 1995 366 2049 lectio
384 1995 514 2048 librorum
895 2010 958 2049 uera
980 1994 1059 2048 leotio

107 2101 130 2165 Ι,
148 2099 180 2153 21
201 2099 256 2152 alto
273 2098 383 2168 qaaere
403 2103 563 2168 argumento
587 2103 694 2168 (genere
779 2099 853 2154 elias
868 2100 978 2169 generis
995 2103 1155 2170 armento

232 2183 390 2252 argumenti
407 2182 484 2250 Me)

106 2269 129 2333 Ι,
147 2269 179 2323 51
199 2267 290 2335 Epiro
308 2272 389 2321 aeteae
404 2267 451 2321 ael
470 2268 525 2333 (ael
544 2283 594 2322 om.
614 2270 642 2336 β)
781 2271 873 2340 Epiro
890 2272 936 2326 ael

91 2355 129 2417 Π,
148 2353 181 2408 31
198 2354 383 2422 paeteretur.
403 2393 409 2405 .
429 2352 569 2419 ¹fastibus
779 2362 946 2425 poaoaoor.
966 2397 972 2408 .
992 2355 1131 2426 protheo

91 2441 128 2507 ΙΙ,
146 2440 180 2494 45
199 2439 312 2494 secondo·
350 2440 532 2496 donationum
574 2441 693 2508 (doneti-
782 2442 992 2498 secundianum

232 2542 318 2580 eremo
339 2528 409 2596 Wd)

79 2612 131 2677 111,
151 2611 185 2666 10
199 2613 353 2680 populares
370 2613 534 2681 (papolme
555 2613 604 2679 W)
780 2615 952 2684 principales

79 2698 132 2765 111,
152 2698 186 2752 12
203 2699 333 2767 ooopertus
367 2699 490 2769 neglecta
525 2699 697 2769 (neglegenda
782 2716 865 2770 seper
883 2702 924 2756 hio
942 2700 1061 2770 neglecte

236 2785 285 2849 W)

79 2870 133 2932 III,
153 2870 188 2924 39
205 2886 274 2924 aero
292 2870 346 2937 (uel
364 2872 438 2938 etro)
458 2872 639 2927 dimittantur
782 2871 880 2927 aeredi
897 2873 1045 2927 mittantur

79 2956 131 3023 111,
150 2956 186 3010 54
203 2957 319 3025 imperio
330 2959 390 3028 repe*
402 2959 485 3028 (regie
500 2958 523 3013 Ο
531 2957 696 3026 WMaLe)
781 2960 866 3027 impio
883 2959 948 3030 rapt.

122 3093 183 3160 Sed
205 3113 243 3160 ne
265 3094 485 3161 additamentis
509 3097 624 3179 spuriis
647 3096 775 3180 quidem
797 3098 982 3182 arohetypus
1005 3096 1059 3162 ille
1081 3096 1208 3162 omnino

78 3199 190 3264 earuit.
236 3195 316 3263 Nam
340 3198 373 3263 et
394 3198 467 3264 libri
499 3199 588 3264 tertii
621 3198 716 3266 finem
739 3204 783 3284 (ξ.
807 3202 860 3283 71)
890 3205 971 3266 reete
993 3202 1058 3265 iam
1089 3199 1206 3266 delenit

78 3300 224 3366 Halmius
247 3303 278 3366 et
299 3300 358 3381 111,
385 3302 428 3366 42
454 3303 582 3369 nomina
615 3309 733 3388 septem
765 3304 990 3370 monachorum
1020 3325 1038 3369 e
1059 3303 1208 3369 Passione

78 3421 157 3484 quae
178 3405 311 3468 uoeatur
326 3423 360 3470 eo
376 3407 533 3472 translata
547 3425 615 3473 esse
629 3425 721 3474 nemo
735 3427 797 3474 non
812 3409 907 3489 uidet,
929 3426 1001 3472 eum
1015 3409 1048 3472 in
1062 3406 1207 3472 omnibns

77 3505 165 3572 libris
189 3507 321 3588 exeeptis
352 3507 431 3574 WL
453 3513 508 3574 aut
529 3527 627 3576 unum
649 3513 705 3576 aut
726 3512 819 3596 plnra
839 3511 966 3576 nomina
987 3512 1097 3576 desint.
1124 3509 1208 3591 Quid

77 3613 185 3674 antem
208 3609 245 3674 de
267 3611 395 3696 prologo
419 3613 637 3679 obscurissimo
661 3619 693 3680 et
714 3615 749 3680 in
765 3633 824 3698 qno
848 3630 974 3680 sensum
996 3631 1032 3679 ae
1052 3611 1206 3680 rationem

77 3711 197 3776 frustra
227 3731 356 3796 quaeras
385 3715 628 3782 existimandum
650 3716 703 3797 sit,
739 3718 800 3784 alio
821 3719 890 3784 loeo
913 3717 1014 3782 fusius
1036 3715 1160 3799 exposui
1170 3715 1208 3799 ¹).

76 3817 148 3882 Iam
170 3835 242 3882 uero
265 3836 343 3900 quae
366 3817 409 3885 sit
438 3819 593 3886 librorum
625 3822 708 3886 inter
730 3840 762 3886 se
786 3824 928 3904 eognatio
962 3820 1014 3886 uel
1041 3819 1207 3886 diuersitas

77 3935 178 4001 quone
208 3921 340 4004 quisque
370 3921 538 3988 intemallo
561 3926 600 3990 ab
627 3924 794 4009 arehetypo
822 3925 928 4008 distet,
962 3927 1098 3990 stemma
1123 3923 1209 3988 inira

75 4021 236 4088 adiectum
269 4023 428 4092 indicabit.
474 4023 562 4104 Quod
584 4026 611 4091 si
633 4029 702 4109 qnis
728 4027 810 4093 hano
839 4045 905 4092 rem
934 4028 1111 4093 aoouratius
1139 4045 1209 4110 per

180 4232 200 4296 ¹)
220 4229 252 4284 In
271 4233 495 4286 commentatione
513 4232 586 4286 infra
605 4237 750 4289 memorata
767 4250 792 4303 p.
811 4222 956 4290 lat-732.
