2804 4830
217 339 262 408 64
613 332 768 391 Uictoris
795 331 953 391 Uitensie

220 528 342 595 dicens:
372 529 463 610 quia
489 529 584 593 deus
605 529 672 593 lux
694 529 753 592 est
776 525 814 592 et
836 526 1017 592 tenebrae
1039 524 1079 590 in
1100 543 1142 603 eo
1165 542 1238 590 nen
1260 525 1354 591 sunt

219 630 337 697 ullae.
360 630 442 696 Item
464 631 503 695 de
523 631 589 696 filio
612 629 676 695 ait:
699 629 738 695 et
757 629 844 697 uita
865 629 950 694 erat
972 629 1042 693 lux
1062 629 1285 707 hominum,
1315 631 1353 694 et

220 736 287 800 lux
313 735 353 799 irr
385 733 567 799 tenebris
600 732 725 808 lueet,
760 733 798 798 et
826 732 1015 799 tenebrae
1049 751 1133 799 eam
1165 749 1238 799 non
1262 751 1352 800 oon·

221 838 533 921 prehenderunt.
578 835 620 901 Et
652 834 750 901 infra:
784 839 871 900 erat
903 838 1031 902 lumen
1062 853 1214 916 uerum,
1252 838 1353 920 quod

220 940 435 1007 inluminat
477 958 626 1006 omnem
668 938 863 1005 hominem
904 939 1135 1007 uenientem
1160 941 1213 1013 ⁴in
1249 940 1381 1009 hunos

221 1046 414 1115 mundum.
457 1043 547 1110 Unde
578 1046 707 1127 apparet
733 1045 860 1127 petrem
880 1043 913 1109 et
934 1043 1037 1110 filium
1065 1044 1158 1110 unius
1187 1062 1256 1111 esse
1277 1046 1353 1111 sub·

221 1149 369 1230 stantiae,
404 1147 480 1214 dum
501 1147 582 1213 lueis
605 1150 637 1212 et
658 1146 787 1213 luminis
815 1146 942 1213 diuersa
970 1164 1033 1212 non
1055 1148 1158 1230 potest
1187 1165 1255 1214 esse
1277 1149 1353 1215 sub·

221 1253 355 1333 stantia,
390 1253 455 1317 eius
483 1251 604 1318 soilimt
631 1268 711 1333 quae
743 1250 782 1315 de
803 1267 837 1315 se
858 1247 963 1334 giguit
985 1251 1018 1314 et
1040 1267 1120 1332 quae
1141 1252 1179 1317 de
1199 1253 1354 1335 ,gignente

222 1356 337 1423 existit.
365 1355 506 1437 Denique
528 1373 568 1419 ne
590 1353 704 1437 aliquis
726 1353 808 1419 iuter
830 1355 951 1436 patrem
967 1352 1115 1419 etlilium
1135 1353 1354 1423 diuersitatem

220 1457 375 1525 naturalis
407 1457 538 1523 luminis
570 1456 758 1540 introduoat,
792 1457 862 1522 ideo
895 1457 1053 1540 apostolus
1079 1457 1118 1522 de
1148 1459 1257 1523 eodem
1290 1458 1382 1524 liliore

223 1561 317 1629 dioit:
350 1560 417 1644 qui
445 1578 530 1626 oum
557 1560 612 1624 sit
639 1560 826 1642 splendor
858 1559 1014 1644 gloriae
1043 1562 1081 1625 et
1102 1557 1236 1642 figura
1268 1562 1354 1627 sub·

224 1665 399 1732 stantiae
422 1665 516 1730 eius.
544 1664 583 1729 In
605 1682 667 1746 quo
689 1663 864 1729 euidentius
887 1666 919 1728 et
942 1667 1124 1731 oeeeteruue
1146 1664 1231 1744 patri
1253 1671 1285 1728 et
1306 1665 1355 1731 iu·

220 1767 406 1854 separabilis
422 1769 543 1850 epatre
559 1768 592 1833 et
606 1768 698 1834 unius
715 1786 787 1834 eum
802 1786 839 1834 eo
854 1785 923 1833 esse
943 1767 1138 1838 substantiae
1159 1769 1353 1851 perdocetur,

223 1873 298 1949 dum
314 1872 379 1938 luoi
393 1871 540 1954 splendor
554 1888 676 1953 semper
691 1872 739 1936 eet
750 1874 941 1951 coaeternus,
958 1871 1035 1937 dum
1045 1870 1191 1955 splendor
1202 1889 1222 1936 a
1234 1871 1354 1938 lumine

219 1992 394 2058 numquam
408 1977 457 2041 est
472 1975 645 2058 separatus,
661 1974 736 2040 dum
751 1973 898 2056 splendor
914 1974 1013 2041 aluos
1027 1978 1142 2040 natura
1155 1975 1383 2052 substautiaeo

217 2097 396 2161 numquam
416 2078 523 2161 potest
545 2096 612 2144 esse
632 2079 785 2151 diuersus.
831 2077 892 2159 Qui
914 2079 997 2146 enim
1019 2072 1164 2160 splendor
1191 2077 1272 2144 lueis
1296 2081 1354 2159 est,

211 2183 307 2249 'idern
322 2183 355 2248 et
368 2182 418 2249 dei
432 2180 533 2265 patris
549 2181 651 2248 uirtus
668 2182 734 2265 est3
756 2180 966 2264 sempiternus
989 2199 1061 2266 ergo
1083 2183 1209 2265 propter
1223 2181 1353 2247 uirtutis

174 2279 215 2347 ’12
224 2286 452 2364 aeternitatem,
467 2284 683 2368 inseparabilis
697 2285 825 2367 propter
839 2283 1035 2352 claritudinis
1050 2285 1217 2351 unitatem.
1235 2284 1279 2350 llt
1295 2285 1354 2350 heo

224 2388 272 2455 est
294 2388 375 2469 quod
397 2405 453 2453 nos
475 2385 611 2452 fideliter
632 2385 824 2471 profitemur,
858 2388 959 2454 filium
982 2388 1020 2453 de
1042 2389 1142 2470 patris
1173 2387 1355 2457 substantia

222 2493 351 2570 xuatum,
376 2489 467 2557 *ment
493 2489 561 2573 ipse
591 2490 679 2573 pater
711 2493 786 2557 deus
819 2477 1051 2575 apertissimum
1084 2491 1230 2575 perhibet
1262 2492 1386 2575 testi-a

220 2593 376 2669 monium.
400 2592 462 2675 Qui
483 2594 521 2661 ut
535 2595 573 2659 de
594 2611 652 2659 sua
673 2593 842 2661 ineffabilis
858 2598 989 2661 naturae
1004 2595 1179 2662 substantia
1192 2595 1357 2680 proprium

224 2697 327 2774 filium
348 2697 494 2782 genuisse
516 2698 718 2780 monstraret,
741 2697 781 2764 ed
798 2697 1015 2764 instruendam
1029 2696 1213 2783 fragilitatis
1228 2701 1355 2766 nostrae
1374 2685 1376 2689 ¹

173 2818 175 2823 ’
224 2798 428 2882 imperitiam,
443 2802 482 2865 ut
495 2817 551 2869 nos
567 2819 604 2867 ex
617 2799 797 2866 uisibilibus
812 2801 852 2867 sd
865 2800 1040 2868 inuisibilia
1053 2802 1197 2886 erigeret,
1214 2805 1357 2870 terrenae

225 2903 407 2970 natiuitatis
428 2903 617 2969 uocabulum
632 2903 672 2968 ad
688 2903 812 2971 diuinae
827 2905 1039 2988 generationis
1060 2905 1157 2972 traxit
1179 2909 1356 2990 exemplum

226 3005 345 3072 diosus:
368 3010 543 3074 erutero
566 3009 659 3073 ante
682 3007 897 3074 luoiferum
917 3009 1035 3094 genui
1058 3013 1106 3079 te.
1130 3008 1211 3091 Quid
1227 3012 1389 3091 elarius,re

328 3230 447 3286 1110u.
467 3232 491 3297 1,
509 3232 533 3286 e.
626 3231 720 3288 arou.
739 3194 763 3300 r,
781 3231 858 3288 4-5.
950 3231 1044 3287 410h.
1064 3233 1087 3300 1,
1105 3232 1130 3288 e.
1224 3234 1255 3288 11
1275 3233 1357 3289 neor.

217 3316 249 3383 21,
265 3315 291 3371 a.
395 3316 492 3373 nere.
513 3318 639 3385 roes.x

278 3504 375 3574 lquie
392 3507 479 3576 boat
582 3506 733 3561 themius
763 3507 798 3561 W
899 3507 1011 3562 6filius
1035 3509 1075 3566 W
1175 3507 1302 3564 8silieet
1322 3510 1360 3566 W

224 3591 327 3647 seilicet
343 3591 391 3661 qui
413 3592 442 3646 P
543 3591 576 3646 de
593 3608 622 3647 se
639 3593 769 3662 gignente
786 3594 813 3647 A
926 3595 1045 3648 bexisti
1068 3594 1116 3650 W·-
1216 3595 1251 3650 10
1273 3596 1359 3651 iutro·

222 3678 299 3734 duait
313 3676 348 3732 V¹
419 3677 452 3732 12
464 3678 492 3732 et
502 3677 640 3734 uidentins
653 3679 692 3736 W
760 3680 1017 3750 quoaeternusWP
1084 3681 1207 3738 l3eoee.¹
1220 3680 1289 3736 BV¹

225 3762 344 3819 141ueis
361 3756 588 3820 BVO¹Me¹b²A¹
689 3766 721 3821 15
738 3767 808 3822 lueis
826 3782 845 3821 o
948 3769 1047 3822 natura
1064 3767 1232 3822 substantiae
1255 3768 1359 3824 We²L=

224 3853 282 3906 nat.
299 3849 481 3906 substantiam
499 3850 566 3907 ΒΨ
595 3866 622 3906 n.
641 3853 794 3908 substantia
815 3853 938 3910 WOMs¹
967 3856 1062 3913 nature
1079 3853 1233 3908 substantia
1251 3870 1270 3909 o
1285 3868 1359 3910 ⁴na

224 3940 267 4004 (ae
279 3937 307 4007 b)
325 3937 479 3993 substantia
497 3939 514 4007 β
540 3953 567 3994 rr.
585 3937 631 3994 uel
642 3939 797 3995 substantia
813 3941 838 3993 A
941 3939 975 3994 16
994 3955 1050 3994 esse
1066 3941 1156 4009 potest
1172 3940 1212 3996 W
1235 3955 1293 3995 esse
1307 3955 1359 3996 orn.

224 4022 294 4089 BV,
320 4022 666 4080 incoronaretur
762 4026 797 4081 18
812 4026 998 4096 inseperabilia
1021 4025 1054 4082 0¹
1153 4025 1186 4081 19
1204 4025 1362 4083 substantia

217 4108 253 4164 P
303 4187 305 4191 ι
342 4109 378 4164 20
395 4109 565 4180 apertissime
587 4110 625 4166 W
717 4111 750 4168 21
769 4128 832 4168 suae
849 4113 887 4167 M
968 4111 1105 4168 inefabilie
1122 4113 1163 4170 W
1252 4112 1289 4168 ab
1305 4113 1360 4168 fili·

224 4195 280 4264 um]
307 4195 448 4251 refilium
476 4196 526 4269 βΑ
638 4197 886 4254 instruhendamb
997 4199 1032 4255 23
1058 4199 1194 4271 imperitis
1220 4199 1292 4255 ΒΥ*

224 4280 318 4336 erieret
340 4280 380 4338 W
478 4282 514 4338 24
530 4281 663 4338 natiuitas
683 4284 723 4342 W
824 4299 962 4354 exempum
983 4286 1023 4343 W
1349 4294 1353 4299 ’
