2804 4830
248 286 309 351 114
363 281 495 337 Incerti
512 279 663 334 auctoris
680 278 796 332 Passio
815 279 940 346 septem
957 274 1186 332 monachorum
1204 275 1246 329 16.

248 471 416 537 uenerabili
439 469 699 553 Carthaginiensis
723 470 888 547 ecclesiae;
917 469 971 532 ubi
993 467 1088 532 etiam
1111 466 1142 531 et
1163 465 1361 549 praedicendi

248 576 407 652 diacones,
435 573 529 638 tertio
558 573 621 637 iam
644 572 829 638 confessores
853 569 969 650 effecti,
994 568 1144 636 Salutaris
1167 571 1199 634 et
1220 570 1360 647 Muritta

247 679 349 761 geruli
370 677 572 760 reliquiarum
595 677 768 742 adfuerunt.

198 796 239 862 16
295 798 379 880 (Vll)
400 799 556 863 Humetee
571 801 644 861 sunt
659 796 758 878 igitur
773 813 846 859 cnm
860 791 984 877 hymnis
999 792 1200 858 sollemnibus
1215 793 1359 874 lypsanae

248 901 356 966 beatae
390 903 566 966 sanctorum
599 899 632 963 in
666 898 852 964 monasterio
874 898 994 979 Bignae
1028 896 1172 979 contiguo
1202 895 1360 973 basilicae,

248 1021 326 1086 quae
353 1001 466 1067 dicitur
494 1000 662 1067 Celerinae.
696 1000 741 1064 Et
770 1001 816 1064 sic
845 1000 878 1063 in
906 999 1094 1065 confessione
1116 998 1270 1063 trinitatis
1292 999 1360 1063 bea·

246 1105 363 1171 tissimi
392 1105 543 1188 martyres
572 1105 655 1187 pessi
682 1105 754 1169 sunt
776 1103 807 1168 et
829 1102 1000 1187 speciosum
1028 1121 1152 1168 emaum
1182 1101 1360 1167 certaminis

247 1209 294 1274 sui
316 1209 480 1272 coronante
504 1206 628 1272 domino
650 1207 852 1290 perfecerunt.
886 1204 943 1270 Gai
970 1207 1017 1270 est
1040 1205 1133 1271 honor
1155 1207 1187 1271 et
1208 1205 1309 1291 gloria
1330 1206 1361 1270 in

246 1311 370 1376 saecula
391 1310 592 1376 saeculorum.
626 1311 736 1376 Amen.

298 1546 487 1603 luenerabilis
499 1548 538 1602 Βι
624 1547 816 1617 cartaginensis
833 1547 884 1616 Bp
907 1547 1118 1616 carthaginensis
1135 1547 1174 1601 at
1264 1547 1359 1615 noya·

246 1635 318 1688 conis
336 1633 391 1690 PR
417 1632 555 1688 diaconib
657 1633 849 1702 confessorisli
952 1634 1093 1688 saluatoris
1115 1634 1153 1688 W
1252 1635 1360 1688 muritte

246 1721 273 1774 P
301 1719 450 1773 murriteb
477 1735 511 1774 ec
535 1736 605 1776 corr.
715 1721 733 1775 4
758 1721 846 1790 ymnis
874 1719 987 1791 OWMp
1088 1719 1206 1790 lipsanee
1236 1723 1296 1778 Vco
1398 1764 1400 1773 .

244 1805 373 1860 hbeatae
390 1821 439 1859 om.
458 1805 487 1858 P
586 1808 738 1861 sanctornm
761 1807 888 1875 reliquiae
909 1807 965 1863 Wc
1066 1808 1161 1878 bignae
1183 1825 1233 1863 om.
1251 1810 1295 1877 αβ

245 1892 261 1944 6
288 1890 434 1945 celebrinae
460 1891 635 1948 BVOWecL
669 1892 801 1947 cerebrine
826 1893 864 1946 Μ
895 1892 1022 1961 celerinae
1048 1894 1105 1950 PR
1211 1895 1228 1948 8
1255 1893 1357 1948 domino

244 1979 422 2033 coronentec
523 1977 632 2031 9emen
649 1992 725 2032 amen
742 1977 778 2032 Μ
873 1993 956 2031 emen.
979 1978 1096 2047 Explicit
1113 1979 1228 2034 historia
1245 1981 1357 2034 siricam

244 2081 263 2116 o
366 2078 451 2118 amen.
475 2061 551 2116 Finit
568 2062 715 2118 historico
820 2063 847 2118 V
861 2064 893 2118 ic
909 2080 995 2136 mcrp.
1013 2066 1066 2132 ins.
1078 2066 1200 2136 popinae
1217 2067 1355 2135 segma,

243 2163 314 2217 qaae
331 2165 423 2203 uacca
439 2149 534 2202 relicta
552 2155 603 2216 cat,
629 2151 693 2204 hoec
711 2149 804 2204 habet:
835 2150 950 2219 Explicit
972 2151 1084 2206 historia
1106 2152 1232 2209 africana.
1261 2153 1356 2222 incipit

243 2233 312 2286 liber
333 2236 435 2303 primus
453 2234 585 2304 Eutropii.
688 2235 726 2288 Ia
748 2236 776 2290 B
800 2233 902 2291 descrit
924 2238 1021 2293 Passio
1040 2239 1089 2305 fol.
1106 2243 1170 2304 88·;
1195 2240 1245 2307 fol.
1264 2241 1314 2295 88”
1330 2242 1357 2294 ic
1397 2252 1398 2258 ’

246 2335 328 2390 marg.
346 2320 399 2386 inf.
418 2321 564 2392 leguntur:

589 2441 718 2496 eerrorn
753 2459 847 2498 enonra
881 2461 1021 2502 arnroaroa.

533 2545 639 2624 Jncrprn
675 2560 787 2600 eremas
821 2563 946 2603 nonesac

684 2650 773 2706 Lmen
807 2668 920 2721 pnrmns.
