2804 4830
136 260 176 315 Π

139 435 258 516 quirere
275 431 371 516 eupit,
387 431 476 497 adeat
490 430 782 498 commentationem
793 448 896 496 meam
912 448 989 513 qnae
1003 430 1185 496 inscribitur
1200 430 1264 496 De'e

136 533 416 618 buudsehsiftlr'ebe
434 532 683 617 Ueberle'eferuny
693 532 747 598 dee
764 530 869 598 Uictor
880 552 940 597 non
953 531 1037 613 Uita,
1051 531 1263 618 Sitannysber.

134 639 166 704 d.
189 638 269 705 buis.
292 637 395 704 Aban
418 637 450 701 d.
474 635 658 704 Wisssnseb.
681 637 719 702 in
742 635 842 715 Wien,
860 634 1031 718 pluit-bist.
1048 635 1164 720 Classe,
1188 642 1263 702 tom,

140 741 264 823 XCVI,
282 765 319 826 p.
336 746 400 810 637
415 761 490 825 sqq.5
513 740 547 805 in
569 758 629 823 qua
651 739 740 806 etde
762 739 851 806 libris
874 757 968 805 manu
990 740 1115 824 seriptis
1137 741 1171 806 in
1193 748 1264 806 uni-

136 866 261 913 uersum
290 846 385 911 etde
413 845 544 930 singulis
574 845 649 910 lucis
676 845 727 911 uel
749 843 950 911 emendandis
979 843 1032 909 uel
1054 847 1137 909 reete
1165 845 1265 910 aesti-

138 951 260 1015 mandis
283 949 491 1032 eepiesissime
514 948 679 1032 disputaui.

180 2581 339 2646 Hactenus
364 2582 400 2646 de
423 2584 557 2650 Uictoris
580 2583 721 2649 historia.
759 2585 828 2651 Non
851 2590 958 2654 endem
984 2588 1031 2654 est
1053 2588 1131 2652 ratio
1155 2605 1265 2651 smen-

136 2685 358 2752 dandiLibri
380 2686 477 2751 fidei
500 2686 737 2767 catholicae,
761 2707 853 2771 quem
880 2708 898 2754 a
924 2689 1049 2756 Uietere
1079 2693 1145 2774 ipso
1175 2690 1265 2772 operi

137 2807 192 2854 sue
206 2789 360 2853 insertum
376 2807 441 2853 esse
458 2789 642 2854 uerisimile
658 2794 706 2855 est
716 2790 750 2875 ¹).
773 2792 832 2857 Ille
844 2793 928 2857 enim
944 2793 1067 2859 libellus
1083 2811 1143 2857 nen
1159 2793 1265 2858 selum

238 3000 257 3062 ¹)
276 2995 390 3049 Minime
409 3011 472 3049 nera
490 2996 552 3048 sunt
571 3010 639 3064 qnae
651 2995 859 3065 Papeneerdtius
873 2997 981 3063 (Geeeb.
994 2997 1021 3051 d.
1033 2997 1115 3052 band.
1129 2997 1265 3053 Herrscb.

138 3084 170 3137 a'rs
187 3082 288 3148 Afella
302 3098 332 3150 p.
350 3083 411 3146 115)
438 3081 565 3151 protulit:
592 3081 694 3136 ‘Under
717 3082 984 3139 den218.Febrnar
1008 3083 1130 3137 ⁴reiebten
1148 3083 1192 3136 dle
1209 3083 1264 3136 Bi-

136 3167 228 3234 eclrdfa
254 3169 315 3223 eine
339 3166 507 3237 schriftle'ebe
534 3162 845 3240 Aneeinandereetznnq
871 3169 944 3222 ibren
961 3169 1174 3224 Belenntne'esee
1201 3168 1265 3222 dem

139 3253 249 3325 Kdrn'qe
275 3253 340 3318 ein’‚·
370 3257 397 3308 et
424 3253 453 3307 in
479 3253 568 3310 adnot.
595 3253 626 3310 3:
651 3253 790 3308 ‘Daeeelbe
817 3254 1159 3322 (Glaabeeebeleenntnise)
1188 3258 1264 3325 treas

138 3356 213 3395 zwar
231 3341 276 3395 dle
298 3341 481 3407 Uetereebrift
504 3339 560 3394 XII
574 3337 753 3394 Kalendarum
770 3339 917 3408 Maiarum
944 3341 1010 3394 aber
1027 3340 1264 3410 annanecbeinb'clr

137 3426 311 3494 sullienses
328 3427 378 3481 der
402 3425 582 3496 Verordnuny
599 3425 765 3492 Hmwrieba
783 3426 834 3480 wie
858 3426 948 3481 Viator
965 3427 1044 3481 solbet
1062 3426 1182 3492 eredidit,
1201 3425 1263 3480 und

139 3512 302 3567 „Maiarum
326 3513 361 3567 iet
378 3514 410 3566 ln
428 3512 619 3566 „Martiarum
639 3527 673 3567 aa
690 3512 863 3572 narbonense?
893 3512 1006 3566 Librum
1028 3513 1100 3566 enim
1122 3511 1263 3580 fidei'regi

138 3599 270 3654 traditum
282 3614 336 3652 nen
348 3599 431 3653 fuisse
443 3602 586 3667 antequem
595 3598 715 3654 edietum
727 3600 821 3654 eontra
829 3599 974 3654 eetbolieos
987 3600 1177 3667 promulgaret,
1189 3598 1263 3666 quod

137 3685 238 3742 factum
250 3687 291 3739 est
303 3701 327 3741 a.
340 3685 365 3740 d.
379 3686 426 3740 VI.
440 3685 498 3739 Kal.
511 3685 633 3751 Martias,
647 3685 706 3754 ipsa
717 3685 800 3739 uerba
811 3685 893 3738 edicti
906 3684 1010 3738 docent,
1034 3685 1067 3738 In
1080 3699 1131 3752 quo
1143 3701 1205 3738 eum
1217 3701 1264 3738 rex

139 3772 260 3827 animum
287 3772 464 3841 episcoporum
490 3771 680 3826 catholicorum
706 3771 873 3825 obstinatum
900 3786 953 3823 non
981 3771 1061 3824 semel
1085 3770 1130 3824 sed
1154 3771 1262 3839 saepius

139 3858 184 3926 (ef.
197 3858 252 3924 III,
265 3858 326 3925 bl)
344 3857 504 3927 designaret,
522 3857 568 3926 qni
585 3857 717 3912 seditione
735 3863 762 3912 et
779 3856 942 3912 elamoribus
959 3857 1051 3910 emnia
1066 3856 1264 3924 perturbantes

136 3944 176 3998 ud
200 3945 356 4011 continent
379 3942 502 4008 funerant
524 3943 634 3997 mindae
652 3944 812 4012 peresam,
839 3957 971 4011 nusquam
990 3945 1080 3995 tamen
1098 3943 1156 3994 eius
1173 3941 1262 3997 libelli

139 4030 299 4084 mentionem
320 4029 393 4086 feeit.
424 4029 501 4096 Quod
522 4031 592 4084 uerte
603 4029 712 4083 veuitare
729 4045 783 4083 non
800 4030 919 4097 peterat,
943 4029 967 4080 si
985 4027 1053 4081 liber
1070 4028 1124 4080 iam
1142 4027 1263 4082 traditus

136 4116 241 4170 fnisset.
280 4115 346 4170 Inde
372 4117 448 4186 patet
474 4115 586 4170 Librum
612 4114 676 4169 fidei
702 4116 818 4184 primum
849 4114 979 4182 episeopis
1011 4114 1120 4167 Arianis
1152 4116 1263 4167 tantum

139 4202 261 4258 oblatum
287 4218 344 4257 esse
371 4203 415 4271 (ai.
435 4203 473 4268 11,
493 4202 541 4270 553
567 4201 674 4270 111,1),
701 4203 794 4272 postea
821 4215 884 4255 uere
911 4201 992 4254 etiem
1019 4199 1077 4268 regi
1101 4199 1262 4254 innotuisse.
