2804 4830
567 287 654 343 liber
672 287 727 353 III,
755 289 831 343 1-5.
1223 293 1265 361 73

145 479 275 563 quisquis
298 480 381 545 enim
404 479 523 562 aliquid
545 479 715 562 prauitatis
737 479 903 559 inuenerit,
935 479 996 545 sibi
1018 481 1154 563 imputat
1181 481 1264 564 quod

140 582 276 649 incurrit
299 581 337 651 In
351 600 413 665 qua
426 601 461 648 re
475 584 588 656 nuum
603 581 704 655 diuini
726 578 837 647 iudicii
853 582 1019 649 clementia
1033 587 1141 655 nostra
1155 587 1263 671 secuta

137 690 191 767 ost,
226 687 307 768 qnod
329 684 502 768 quibusque
534 684 683 768 personis,
718 689 810 768 prout
833 703 940 753 eorum
967 685 1052 753 fecta
1079 687 1262 770 meruerint,

133 810 186 856 sou
208 788 292 856 bore
313 808 369 855 seu
384 788 463 856 forta
487 787 604 857 talibus
626 789 794 873 contrarie,
817 789 892 854 dum
914 787 991 854 fecit
1014 788 1152 872 expendi,
1168 789 1264 857 simul

115 894 231 961 notiam
253 891 397 975 prouenit
412 893 615 976 compensari.
639 892 753 976 Itaque
766 880 816 958 his
832 891 1086 974 promeantibus,
1102 893 1157 975 qui
1172 913 1262 976 prae·

132 996 311 1078 captionem
325 995 451 1067 inolitae
473 995 696 1065 reeordationis
719 995 819 1079 patris
834 997 932 1061 nostri
948 995 1000 1060 nol
1014 997 1262 1063 mansuetudinis

132 1103 258 1165 nostroe
287 1098 474 1165 credidmint
497 1117 564 1164 esso
587 1100 797 1176 temnendam,
820 1116 984 1164 censuram
1006 1099 1183 1164 seueritatis
1206 1100 1263 1165 ad·

131 1202 297 1267 sumimus,
334 1201 589 1268 Auctoritatibus
623 1203 707 1266 onim
739 1201 859 1267 cunctis
892 1203 1025 1286 populis
1048 1203 1179 1269 fecimus
1213 1205 1293 1290 tnui

131 1305 263 1383 notosoi,
287 1306 371 1371 utin
386 1305 520 1373 sortibus
535 1304 772 1373 Uuendolorum
786 1307 890 1372 nullos
905 1310 1075 1373 conuentus
1091 1307 1263 1374 omousiani

101 1408 308 1474 roseoerdotes
328 1411 542 1489 adsumerent,
570 1427 627 1475 nec
649 1409 767 1492 aliquid
794 1411 1025 1493 mysteriorum,
1059 1429 1138 1494 quea
1161 1410 1262 1496 magis

131 1512 286 1594 polluunt,
308 1511 435 1578 sibimet
456 1512 662 1580 uindicarent.
696 1512 784 1594 Quod
806 1532 878 1578 cum
900 1514 1076 1580 uideremus
1100 1532 1167 1579 esso
1190 1507 1263 1588 nac?

132 1615 251 1682 lectum
274 1616 306 1680 et
326 1616 476 1698 plurimos
499 1635 564 1683 essa
586 1621 724 1700 repertos
747 1617 885 1682 moeniae
901 1636 934 1683 sa
948 1618 1104 1702 integram
1120 1617 1263 1702 regulam

132 1715 205 1784 fidei
228 1718 372 1798 retinere,
395 1720 595 1802 postmodum
616 1719 781 1785 uniuersos
800 1723 923 1786 constat
938 1721 1031 1786 fuisso
1047 1721 1261 1804 commonitos,

131 1819 237 1902 spatie
258 1821 406 1905 temporis
428 1824 612 1906 praerogata
629 1841 795 1888 mensuum
811 1841 924 1889 nonem
942 1819 1042 1909 [quoe]
1060 1823 1262 1908 contentioni,

97 1924 158 1992 rosi
181 1923 258 2006 quid
278 1925 317 1990 ab
342 1943 449 1992 corum
471 1925 627 2009 proposito
650 1929 756 2008 posset
771 1925 883 2010 opteri,
907 1927 996 1992 utad
1011 1927 1064 1992 Kl.
1077 1926 1262 1993 Februarias

132 2026 207 2093 anni
230 2027 333 2095 octeni
363 2029 452 2113 regni
483 2029 583 2096 nostri
605 2029 673 2095 sine
695 2033 783 2095 metu
804 2029 909 2113 aliquo
943 2029 1155 2096 conuenirent.
1201 2028 1293 2109 Quis

130 2133 209 2198 dum
223 2130 283 2197 huc
296 2135 335 2199 ad
352 2130 642 2216 Carthaginiensem
658 2131 849 2213 confluerent
868 2132 1041 2215 ciuitatem,
1056 2134 1127 2215 post
1141 2150 1262 2198 moram

130 2232 282 2316 temporis
316 2236 448 2318 praestit
469 2237 496 2302 ti
529 2235 625 2302 aliam
657 2255 778 2319 quoque
812 2234 995 2301 dilationem
1028 2236 1263 2318 aliquantorum

130 2336 255 2404 diarum
278 2339 397 2404 dedisse
420 2341 642 2422 cognoscimur.
666 2340 708 2404 Et
731 2340 806 2409 dum
830 2358 863 2404 se
886 2338 1043 2404 conflictui
1065 2342 1189 2423 paratos
1206 2338 1261 2408 ed·

91 2465 121 2508 ao
131 2441 300 2521 struerent,
316 2443 417 2526 primo
433 2443 484 2508 die
498 2463 517 2508 a
531 2442 764 2510 uenerabilibus
780 2442 932 2526 episcopis
948 2444 1061 2516 nostris
1077 2441 1121 2508 eis
1136 2443 1262 2509 uidetur

130 2561 200 2610 esso
222 2545 426 2628 propositum,
451 2549 487 2611 ut
502 2546 672 2625 omousion,
695 2545 778 2611 siout
793 2546 958 2612 ammoniti
973 2550 1072 2630 erant,
1095 2566 1132 2612 ex
1147 2540 1261 2612 diuinis

131 2646 297 2731 scripturis
319 2650 442 2732 proprie
464 2649 683 2732 adprobarent,
707 2651 762 2714 eut
778 2651 860 2714 certe
883 2650 1000 2732 quoda
1022 2647 1110 2713 mille
1133 2649 1166 2713 et
1180 2646 1262 2731 quod

186 2923 199 2978 1
212 2921 321 2991 inputet
333 2924 371 2980 W
387 2924 504 2992 imputet
516 2923 579 2980 Mo:
596 2922 633 2988 of.
646 2922 740 2979 lodic.
752 2923 808 2978 111
814 2921 1095 2992 ’μναοεεηπίαιανῖ
1195 2920 1261 2990 quid

134 3008 185 3064 Ve¹
287 3008 378 3067 trem
396 3010 425 3064 P
525 3008 626 3064 indicia
647 3010 683 3066 V¹
786 3009 926 3078 equium
944 3024 1028 3077 usqne
1049 3008 1106 3064 PR
1207 3022 1260 3062 ma

129 3093 246 3149 ruierint
267 3094 293 3148 V
392 3095 553 3164 texspendt
573 3095 635 3156 1¹0¹
661 3095 786 3164 expondit
806 3096 861 3165 Wp
965 3095 1050 3150 etiam
1068 3093 1190 3162 simulo

129 3181 256 3239 tiuostri
272 3183 398 3251 patrisp
493 3182 687 3239 masuetuiinis
704 3183 743 3239 W
842 3181 1046 3238 icrodiderunt
1063 3181 1101 3236 M
1193 3183 1259 3236 tern-

128 3267 247 3322 nendam
265 3267 369 3322 BML:
392 3268 581 3337 tempnendam
599 3268 662 3326 Vcs
687 3269 830 3323 tenendam
845 3270 884 3325 W
906 3268 1077 3331 retenendam
1093 3267 1150 3324 PB
1177 3267 1260 3322 restui-

129 3354 276 3410 tendumb
362 3355 517 3411 securitatis
535 3355 563 3410 ὁ*
659 3355 828 3424 Signotesci
845 3355 899 3412 PR
994 3355 1121 3409 tinnitus
1139 3354 1191 3410 PR

129 3438 301 3495 homousiani
318 3439 356 3494 W
379 3439 517 3495 omousion
535 3440 619 3498 Pt¹R
717 3442 754 3497 -11
773 3441 883 3497 sibimet
900 3439 1069 3496 uindicarent
1087 3456 1137 3496 om.
1154 3441 1194 3496 W

128 3526 279 3581 necleotnm
295 3525 390 3580 Bur:
412 3527 567 3594 neglectum
586 3527 645 3583 reli
752 3526 786 3580 14
802 3527 892 3596 spacio
910 3532 937 3581 ct
955 3527 1113 3596 praerogato
1130 3525 1192 3580 ML

129 3611 263 3667 mensium
280 3612 360 3671 Mat
379 3626 508 3668 ›mensunr
527 3614 582 3670 PR
686 3628 755 3668 none
772 3613 841 3668 BV’
941 3629 1009 3683 quoe
1026 3612 1118 3668 deleat
1215 3628 1260 3666 no-

129 3715 190 3754 nem
213 3701 245 3753 ut
267 3699 449 3755 contentionis
471 3704 523 3770 gie
539 3702 564 3755 si
581 3699 646 3770 quid
664 3700 698 3755 ab
717 3702 755 3754 eis
772 3699 937 3769 propositum
960 3701 1051 3768 posset
1073 3699 1161 3768 opteri
1178 3697 1213 3751 ad
1230 3697 1260 3750 kr

128 3785 169 3840 eic
186 3785 224 3839 M
307 3787 475 3841 contentioni
486 3787 618 3856 siqnidem
642 3787 664 3843 O
688 3787 871 3842 contentionis
884 3786 907 3840 si
920 3785 986 3857 qnid
1002 3786 1060 3840 reti.
1151 3785 1260 3853 roppo-

129 3871 185 3925 sito
209 3870 225 3925 b
327 3873 413 3941 possit
437 3874 454 3942 β
483 3875 593 3942 possent
615 3873 705 3941 optari
728 3872 762 3928 0²
868 3871 1033 3934 irobruarias
1056 3871 1084 3926 B
1113 3869 1259 3924 febroarias

129 3957 186 4012 Pu
281 3958 315 4012 16
332 3974 403 4012 anno
422 3961 517 4013 octauo
536 3961 572 4015 Μ
657 3958 766 4028 aliquod
784 3958 902 4013 BVO¹o¹
998 3958 1031 4011 17
1049 3956 1260 4024 cartaginensom

127 4041 229 4110 BoW
332 4043 444 4098 ciuitate
465 4045 533 4100 BV¹
647 4045 679 4099 19
702 4044 746 4114 Et]
771 4049 804 4098 ut
818 4046 839 4115 ,β
942 4043 1095 4098 astruerent
1116 4041 1193 4096 BMo
1218 4057 1260 4096 as·

128 4131 266 4184 struerent
287 4130 383 4188 WOL
495 4131 527 4186 21
552 4130 687 4186 admoniti
710 4131 749 4186 W
767 4131 841 4186 sotus
859 4148 892 4187 ea
909 4132 976 4187 mais
1088 4129 1122 4184 22
1146 4128 1261 4198 quodam

127 4213 178 4269 ille
196 4213 253 4271 BV
354 4220 420 4284 quot
443 4215 490 4271 Ob
