2804 4830
164 275 208 343 52
559 272 714 332 Uiatortr
740 273 897 330 Uiteneis

166 469 247 552 qnod
262 467 350 535 nefas
364 468 413 534 est
428 467 539 546 dene,
561 466 696 551 degener
719 465 811 530 natos
826 465 884 530 est.
907 464 966 529 list
987 463 1070 531 enim
1092 483 1184 548 uerus
1200 464 1296 546 filius,

113 572 246 641 disiout
266 572 419 637 Iohannes
451 570 513 638 eit:
546 570 591 635 ut
620 568 742 634 simus
775 568 816 633 in
848 586 940 633 aero
968 567 1059 632 filio
1089 568 1184 636 eius.
1223 569 1296 636 Non

162 678 208 742 est
231 675 328 742 etism
343 675 486 759 degener,
509 673 584 755 quia
598 673 677 739 deus
696 689 789 738 uerus
803 672 841 738 de
863 673 919 738 deo
934 672 1027 738 natus
1043 672 1092 737 est
1107 689 1189 756 uero,
1212 673 1297 739 siout

160 780 246 845 idem
267 779 420 844 lebannes
450 776 642 863 euangelista
674 776 816 858 sequitur
850 773 968 841 diosus:
1001 774 1067 840 hie
1090 777 1151 842 est
1180 795 1293 843 uerus

160 885 252 949 deus
275 887 312 947 et
336 883 419 946 uita
438 882 624 963 'aeterna3
647 882 678 944 et
699 878 769 960 ipse
790 879 934 945 dominus
961 879 996 944 in
1018 879 1199 962 euangelio:
1223 899 1324 966 eger

160 1004 241 1051 sum
263 984 346 1065 uia,
369 983 522 1051 ueritas
546 983 584 1050 et
605 983 698 1049 uita.
721 985 803 1068 Ergo
819 984 846 1049 si
862 983 988 1049 aliunde
1002 982 1216 1049 substantiam
1230 1001 1293 1052 non

158 1088 270 1168 babet,
300 1088 582 1171 deponebabe13
615 1086 646 1153 si
669 1089 706 1154 de
728 1089 818 1169 patre
841 1086 955 1166 babet,
978 1086 1072 1152 nnius
1095 1087 1293 1154 substantiae

157 1211 228 1257 eum
249 1191 339 1275 patre
359 1192 417 1256 eet.
442 1190 503 1257 Sed
523 1189 554 1255 si
576 1189 669 1256 rmius
692 1189 891 1262 substantiae
913 1208 975 1254 uon
993 1190 1053 1268 est,
1078 1207 1229 1274 ergeuen
1253 1189 1291 1254 de

156 1297 260 1380 patre,
287 1295 345 1360 sed
367 1293 494 1360 aliunde
520 1294 582 1379 est3
619 1295 765 1376 quoniam
787 1295 869 1360 unde
892 1298 954 1370 est,
985 1292 1058 1359 inde
1078 1293 1291 1360 substantiam

156 1399 272 1464 babeat
293 1416 418 1464 neeesse
440 1400 496 1464 est.
517 1397 632 1464 Omnia
653 1397 738 1465 enim
759 1416 796 1464 er
811 1395 921 1480 nihilo,
936 1395 1020 1462 filius
1036 1413 1110 1461 uero
1125 1397 1163 1462 de
1178 1400 1321 1480 patrem

156 1504 195 1568 de
216 1502 335 1568 duobus
357 1503 455 1586 eliget
481 1503 552 1586 quie
573 1505 655 1580 quod
676 1501 772 1580 uelit,
806 1505 861 1568 eut
889 1499 944 1567 det
964 1499 994 1566 ei
1016 1500 1229 1567 substantiam
1250 1503 1290 1567 de

155 1609 253 1688 patre,
276 1607 331 1672 aut
352 1605 490 1672 fateatur
511 1624 547 1671 ex
568 1605 669 1672 nihilo
692 1605 881 1672 substitisse.

104 1747 145 1813 68
200 1744 322 1828 (1116)
362 1743 422 1812 Sed
455 1745 676 1830 propheticum
708 1742 840 1810 forsitan
876 1743 1015 1808 obicitur
1047 1743 1286 1809 testimonium:

153 1847 451 1931 generationem
472 1851 603 1915 autem
626 1850 707 1914 eius
731 1849 818 1932 quie
841 1846 1074 1913 enarrauit?
1108 1844 1189 1912 (lum
1211 1863 1286 1930 ergo

152 1951 213 2016 non
247 1951 395 2019 dixerim:
434 1969 544 2017 enarra
577 1949 657 2016 mihi
688 1952 817 2016 modum
850 1952 903 2016 uel
937 1949 1125 2033 qualitatem
1159 1949 1287 2014 diuinae
1295 1974 1318 2014 n

152 2054 360 2139 generationis
383 2056 415 2122 et
436 2056 520 2121 tenti
542 2055 656 2120 secreti
678 2073 826 2120 areanum
848 2054 995 2120 humanis
1010 2051 1118 2118 uerbis
1140 2051 1284 2132 enuntia,

152 2160 297 2240 quoniam
331 2160 411 2224 unde
444 2162 536 2225 natus
565 2158 608 2224 sit
636 2159 786 2242 requieiui
808 2180 850 2208 -’
873 2157 980 2224 diuina
1009 2156 1094 2222 enim
1121 2157 1284 2240 generatio

97 2264 100 2271 '
150 2261 367 2327 inenarrabilis
390 2266 447 2341 eet,
470 2280 532 2328 non
554 2261 737 2345 ignorabilis
762 2284 818 2328 -ε
840 2278 914 2328 nam
936 2259 1133 2342 usqueadeo
1155 2263 1284 2324 nonest

149 2363 342 2447 ignorabilis,
370 2365 403 2430 id
433 2367 482 2430 est
504 2383 563 2432 non
587 2365 749 2449 ignoretur
771 2367 853 2431 unde
875 2365 928 2445 eit,
960 2367 997 2430 ut
1018 2368 1050 2429 et
1071 2367 1162 2447 pater
1191 2364 1230 2430 do
1251 2381 1284 2429 se

149 2466 216 2548 ipso
231 2468 375 2549 genuisse
390 2468 424 2532 et
437 2466 522 2534 filius
536 2469 574 2534 de
588 2468 678 2552 patre
693 2487 726 2532 se
742 2471 856 2534 natum
870 2467 1054 2550 saepissime
1076 2467 1280 2550 protestetur,
1289 2492 1313 2533 er

148 2570 230 2652 quod
258 2571 364 2635 nullus
390 2573 516 2636 omnino
550 2571 684 2656 ambigit
706 2570 912 2652 Christianus,
946 2572 1029 2637 siout
1050 2570 1085 2636 in
1114 2570 1279 2654 euangelio

148 2675 379 2740 demonstratur
411 2673 478 2757 ipso
512 2674 576 2740 filio
609 2675 745 2742 dieente:
779 2675 845 2758 qui
873 2674 1005 2742 eutem
1032 2692 1107 2740 non
1136 2673 1279 2752 eredit,

146 2778 222 2841 iam
243 2777 445 2844 iudioatus
467 2780 544 2858 est,
566 2777 939 2862 quianoneredidit
961 2777 1176 2844 innomine
1193 2775 1278 2842 uni·

146 2880 273 2964 geniti
297 2880 363 2945 iili
385 2882 454 2949 dei.
476 2883 721 2950 ItemIobennes
733 2881 928 2967 euangelista
939 2883 1030 2948 dioit:
1046 2883 1085 2948 et
1104 2880 1278 2948 uidimus

248 3087 373 3144 arlon
392 3089 418 3155 5,
434 3088 478 3146 20.
556 3088 608 3142 41.
622 3104 665 3145 e.>
722 3088 815 3144 510h.
835 3090 875 3156 14,
893 3089 918 3145 6.
998 3089 1032 3144 14
1048 3088 1121 3144 Esai.
1138 3089 1181 3157 53,
1199 3091 1225 3146 8.

144 3175 178 3229 22
196 3174 254 3228 Iob.
272 3175 297 3242 3,
317 3175 357 3231 18.
463 3175 574 3232 241011.
592 3178 615 3242 Ι,
635 3175 674 3231 14.

196 3364 209 3417 1
228 3378 284 3418 non
302 3364 343 3418 fas
362 3384 383 3431 φ
492 3364 667 3434 degeneratus
684 3381 703 3419 a
814 3366 831 3420 3
849 3366 941 3436 etiem]
960 3366 1069 3422 aliunde
1086 3366 1170 3420 etiarn
1188 3383 1206 3420 a

142 3452 231 3520 uerus]
255 3466 334 3505 uerus
354 3453 395 3505 est
418 3450 457 3508 W
482 3481 485 3487 ,
555 3453 573 3506 4
594 3451 720 3506 iohannis
743 3451 811 3507 ΒΨ
916 3455 1069 3523 exsequitur
1096 3453 1206 3509 wolde

142 3538 158 3591 6
176 3538 222 3591 uie
240 3539 267 3591 et
284 3538 385 3592 ueritas
403 3537 419 3592 b
514 3539 530 3593 ⁷
548 3538 580 3593 de
597 3539 766 3608 patrebebet
783 3545 849 3595 ante
866 3541 890 3594 si
908 3556 958 3595 orn.
979 3543 997 3612 β
1092 3541 1192 3610 Serge
1209 3541 1273 3610 nou]

141 3639 204 3694 ergo
221 3627 330 3678 nonest
348 3625 376 3678 A
472 3625 505 3680 10
521 3627 553 3679 ut
564 3625 663 3679 babeat
679 3624 719 3680 W
814 3630 844 3683 11
864 3626 897 3680 de
914 3631 980 3682 arete
998 3625 1101 3695 duobus
1117 3642 1170 3682 om.
1188 3626 1204 3681 b

140 3710 211 3780 quis]
225 3709 337 3779 quisque
350 3711 394 3780 βΑ
493 3711 527 3766 14
539 3711 674 3767 enarrabit
686 3728 739 3768 mee
746 3719 861 3782 praeter
875 3714 976 3769 BVW
1070 3714 1105 3769 16
1119 3715 1146 3766 et
1157 3714 1187 3766 in
1198 3712 1274 3768 tanti

139 3795 239 3851 BVOs
342 3795 487 3851 archanum
509 3797 631 3870 WMead
658 3799 819 3854 arehanndl
920 3799 953 3855 17
971 3792 1141 3854 undenatus
1159 3799 1272 3854 sitnon

139 3883 358 3951 quemadmodum
385 3885 466 3938 natus
490 3885 528 3938 sit
550 3886 680 3956 requiriri
703 3890 731 3941 A
835 3888 873 3942 sit
900 3890 981 3942 natus
1008 3904 1027 3942 o
1148 3887 1182 3942 18
1208 3902 1272 3942 nam

137 3983 242 4036 usque.
262 4009 268 4022 .
288 4010 294 4022 .
316 3969 476 4039 ignorabilis
503 3974 598 4041 omli
720 3975 752 4029 19
779 3977 807 4028 et
829 3977 861 4028 ut
887 3974 948 4030 1⁷0¹
976 3978 1005 4030 et
1028 3990 1079 4030 om.
1097 3975 1133 4028 Μ
1237 3974 1271 4029 de

137 4054 229 4123 ipsob
336 4055 369 4110 21
389 4072 468 4111 omno
491 4057 531 4112 W
634 4059 803 4114 Christianus
819 4059 937 4129 ambigit
954 4077 973 4116 o
1082 4061 1116 4114 23
1134 4059 1198 4128 quia
1217 4073 1271 4115 non

137 4139 251 4194 eredidit
274 4144 483 4210 (πεπίστευκεν)
505 4143 640 4213 ΒφαιΑ
669 4148 733 4216 quia
750 4163 776 4201 n.
795 4147 880 4202 eredit
896 4147 954 4203 rett
1060 4146 1196 4216 unigeniti
1218 4159 1269 4202 ost

138 4245 159 4294 φ
264 4227 298 4282 24
315 4228 365 4298 fili]
383 4231 423 4286 eie
440 4231 468 4284 B
