2804 4830
231 310 273 377 38
623 309 775 366 Uictoris
796 309 954 365 Uitensis

182 497 223 563 36
276 499 331 579 (ΙΙ,
356 500 408 581 12)
445 500 519 565 Post
555 515 628 564 uero
664 499 851 581 imperatum
884 501 933 564 est
965 498 1097 578 Mauris,
1134 498 1171 563 ut
1202 517 1263 576 eos,
1295 500 1349 580 qni

234 602 393 667 ambulare
424 620 484 666 non
511 603 670 685 poterant,
694 600 798 684 ligatis
820 601 948 683 pedibus
967 603 1006 691 ut
1027 602 1179 666 cadauera
1201 600 1348 666 animalis

233 704 349 770 mortui
371 704 533 770 traherent
549 722 603 785 per
625 702 702 768 dure
724 705 756 767 et
777 720 885 785 aspera
906 701 1046 784 lapidum
1069 702 1143 781 laea,
1171 703 1226 768 ubi
1245 703 1348 784 primo

234 807 435 886 uestimenta,
467 810 574 890 postea
605 805 745 871 mambra
777 805 898 888 singula
932 803 1154 887 carpebantur,
1191 807 1264 888 quia
1294 824 1348 888 per

235 909 354 993 gladios
383 910 487 974 aoutos
514 912 671 991 petrarum
699 907 749 973 hio
777 910 872 991 eaput
897 910 1118 986 conterebatur,
1147 906 1223 972 alibi
1250 907 1381 974 lateras

233 1009 442 1088 findebantur,
464 1015 495 1077 et
509 1013 556 1077 ita
568 1013 772 1076 intermunus
794 1011 985 1076 trahentium
1007 1011 1150 1093 spiritum
1174 1010 1347 1076 exulabant.

236 1112 372 1193 Quorum
394 1132 556 1178 nnmerum
579 1113 734 1196 oolligere·
750 1132 943 1196 nequaquam
966 1114 1123 1179 noluimus
1145 1113 1348 1178 multitudine

235 1217 405 1291 minuente3
434 1216 553 1281 exultat
580 1219 687 1281 tamen
715 1235 767 1298 per
794 1217 895 1282 totum
925 1235 1067 1300 aggerem
1094 1216 1254 1300 puhlioum
1276 1216 1348 1280 uilis

185 1311 225 1377 37
236 1319 395 1401 sepultura
421 1321 597 1385 sanatorum
626 1319 822 1401 loquentibus
849 1319 988 1384 tumulis.
1031 1319 1156 1400 Reliqui
1182 1317 1347 1383 habiliores

236 1424 274 1486 ad
302 1420 478 1486 solitudinis
506 1421 573 1486 looa
600 1422 801 1503 perueniunt,
830 1423 863 1486 in
893 1421 1004 1504 quibus
1032 1420 1174 1486 oollooati
1200 1419 1382 1486 hordeumrn

235 1524 274 1588 ad
298 1524 482 1588 uescendum
504 1525 541 1588 ut
568 1524 708 1589 iumenta
728 1524 892 1608 accipiunt.
921 1524 982 1590 Ubi
1006 1523 1102 1589 etiam
1124 1526 1349 1588 uenenatorum

236 1626 418 1691 animalium
439 1629 531 1708 atque
554 1630 748 1709 scorpionum
768 1629 857 1693 tanta
880 1645 946 1692 esse
969 1627 1083 1693 dieitur
1104 1626 1290 1708 multitudo,
1314 1628 1350 1689 ut

235 1729 447 1808 ignorantibus
475 1729 663 1796 incredibilis
689 1731 848 1809 uideatur,
881 1748 958 1812 quae
986 1729 1051 1795 solo
1084 1729 1159 1794 flatu
1188 1729 1285 1793 etiam
1318 1729 1349 1791 in

235 1833 341 1914 prooul
362 1831 477 1913 positos
506 1833 617 1896 ueneni
646 1831 732 1896 uirus
761 1831 920 1908 infundet3
956 1830 995 1895 ab
1018 1831 1130 1913 soorpii
1152 1835 1258 1897 autem
1279 1849 1349 1913 per·

237 1952 326 1999 eussu
347 1934 468 1998 nullum
492 1934 599 2000 dieunt
622 1933 785 2016 aliquando
808 1933 950 2000 euasisse,
975 1933 1115 2015 Quorum
1132 1932 1240 1998 feritas
1262 1932 1384 1996 uiro-rs

236 2035 322 2102 lenta
354 2055 450 2118 usque
479 2039 517 2102 ad
546 2055 688 2120 praesens
716 2038 838 2119 tempus
869 2034 989 2101 Christo
1019 2035 1201 2102 defendente
1228 2034 1352 2100 nullum

236 2158 395 2204 seruorum
413 2140 477 2204 eius
491 2139 629 2204 noouisse
646 2138 780 2203 dooetur.
804 2137 863 2205 Sed
879 2157 950 2203 oum
965 2137 1031 2203 illio
1044 2140 1170 2204 aluntur
1185 2136 1351 2202 hordiaoiis

125 2292 130 2303 .
236 2241 349 2324 granis,
365 2244 471 2325 postea
493 2242 524 2306 et
545 2242 601 2306 hoo
622 2241 759 2306 ablatum
782 2242 849 2318 est;
882 2241 969 2323 quasi
985 2241 1182 2322 nonpoterat
1197 2239 1282 2317 deus,
1299 2239 1352 2321 qni

236 2343 507 2426 plueratpatrihus
520 2361 642 2420 manna,
665 2360 789 2424 pasoere
805 2347 836 2408 et
856 2361 938 2407 nune
959 2343 1018 2408 tali
1039 2343 1128 2408 exilio
1150 2341 1350 2425 mendpatee.

186 2443 228 2509 38
283 2445 337 2526 (ΙΙ,
355 2446 408 2527 13)
444 2442 568 2527 Cogitat
601 2445 719 2510 annona
752 2445 900 2510 muamus
933 2445 1095 2510 eeclesiam
1128 2444 1195 2524 dei,
1230 2444 1265 2508 ut
1299 2444 1386 2525 quino

236 2548 375 2612 membra
401 2547 504 2629 aliqua
532 2546 720 2630 absciderat,
749 2548 852 2613 totum
879 2547 1024 2614 laniando
1058 2546 1199 2630 perderet
1232 2562 1348 2627 wrpus.

236 2649 319 2715 Nam
340 2649 390 2714 die
412 2650 599 2716 ascensionis
622 2649 739 2716 domini
760 2650 863 2732 legato
879 2649 1008 2715 Zenonis
1024 2649 1217 2732 imperatoris
1232 2648 1351 2730 Regino

235 2754 394 2834 praesente
422 2751 586 2836 legendnm
613 2750 717 2816 media
745 2753 875 2818 ecelesia
901 2753 1041 2835 episeopo
1072 2751 1211 2835 lingonio
1241 2749 1353 2835 dirigit

235 2854 433 2936 praeceptum
460 2854 518 2920 tali
550 2855 655 2920 tenore
689 2854 916 2937 suscriptum,
951 2858 1030 2938 quod
1064 2856 1158 2921 stiam
1189 2857 1352 2920 uniuersae

236 2955 361 3022 Africae
382 2957 504 3021 neredis
528 2956 723 3022 currentibus
746 2957 923 3023 destinauit.
1362 2982 1388 3023 rs

288 3114 387 3166 luero
408 3112 445 3166 W
541 3110 673 3180 alegate
691 3109 757 3165 P¹R
850 3114 882 3165 nt
899 3111 1035 3180 oadunare]
1053 3111 1128 3164 uelut
1139 3110 1249 3164 eadam
1267 3112 1285 3177 β

235 3196 439 3253 3traherentur
460 3199 514 3267 Wd
616 3195 734 3265 lepidum
758 3199 842 3267 om.d
942 3197 1056 3266 dquia]
1078 3195 1126 3266 qui
1149 3195 1268 3250 BVWs¹
1294 3196 1354 3264 qui·

235 3278 297 3337 bus
311 3298 351 3338 uo
461 3283 549 3338 bhie
573 3297 624 3337 om.
650 3298 669 3336 u
771 3282 854 3350 eapud
881 3281 965 3338 BVO
1068 3280 1270 3336 hexhalabent
1298 3281 1353 3336 Mb

156 3372 161 3382 “
236 3367 397 3423 exhalabant
414 3368 539 3438 spiritum
561 3384 580 3422 o
679 3366 869 3422 Soobereente
892 3367 947 3422 Ma
975 3368 1144 3438 ooareented
1248 3367 1355 3421 exultat

236 3454 345 3522 aerium
372 3453 407 3520 ef.
428 3469 490 3509 our.
513 3455 571 3510 leot.
589 3453 627 3508 ud
643 3453 680 3519 ΙΙ,
700 3453 747 3509 8οι
781 3454 880 3508 exaltat
899 3453 1070 3510 BVO¹Mo¹a
1105 3455 1179 3514 extat
1199 3453 1249 3524 ΟΨ
1285 3453 1354 3508 exal·

235 3539 311 3591 tatur
331 3539 410 3594 Wo²o
443 3537 560 3592 exaltata
579 3538 709 3594 Halmius
810 3539 860 3593 uili
883 3539 975 3594 BVO¹
1077 3539 1240 3593 habiliores
1267 3536 1357 3592 BVO¹

239 3624 305 3680 WP
402 3623 435 3679 10
450 3624 557 3680 adeum
576 3642 595 3679 a
692 3627 722 3679 11
740 3627 897 3681 uenatornrn
916 3643 949 3682 ea
965 3626 1169 3681 uenetnrnml'
1264 3626 1299 3681 13
1316 3626 1357 3678 in-

236 3708 358 3763 credibile
384 3709 433 3764 Ma
543 3710 600 3765 solu
630 3713 669 3768 W
776 3712 805 3766 iu
833 3711 931 3766 addidi
1049 3713 1083 3766 14
1108 3711 1203 3781 positis
1228 3710 1289 3764 Ma²

236 3796 311 3864 aad
396 3797 526 3866 soorpiob
610 3799 795 3868 peronssumb
821 3797 928 3853 ineursu
941 3816 960 3853 a
1046 3799 1195 3868 lhtempus
1206 3799 1287 3864 ond

236 3881 268 3934 ll
294 3880 338 3934 illi
366 3882 395 3952 β’
501 3882 637 3937 alerentur
664 3884 740 3940 WM
852 3884 1000 3938 hordeeoiis
1031 3885 1053 3940 O
1085 3884 1236 3938 hordeaoaia
1264 3883 1358 3938 MePb

236 3964 368 4020 ordeaoeis
385 3965 414 4022 R
439 3965 586 4021 hordieoeis
603 3983 622 4021 u
649 3968 761 4022 ordeatii
782 3969 819 4025 W
917 3968 950 4023 18
967 3970 1066 4038 poterit
1084 3969 1137 4024 Me
1162 3970 1287 4038 possetd

237 4049 270 4103 19
296 4049 455 4120 mancipatis
477 4049 571 4107 Bw
672 4052 708 4106 22
725 4052 838 4122 Regino]
856 4053 948 4122 regina
965 4054 1042 4108 Ms¹u
1067 4054 1196 4125 reginen
1215 4052 1269 4108 PR
1296 4069 1361 4122 rege

236 4135 324 4189 nonb
432 4136 467 4192 24
487 4137 538 4192 toli
564 4140 654 4193 tenore
673 4139 849 4209 conscriptum
868 4154 918 4195 om.
937 4160 969 4194 u:
996 4142 1092 4198 reete?
1202 4140 1236 4196 25
1253 4139 1361 4196 noredis

237 4219 445 4275 disquirentibus
467 4240 486 4278 u
