2804 4830
381 113 499 167 Passio
517 115 643 180 septem
661 113 896 167 monachornm
918 113 1011 168 'i-ll.
1193 117 1252 181 111

133 307 251 383 lauari,
280 305 354 387 quie
382 304 515 368 mundus
541 303 587 364 est
614 301 709 366 totus.
746 303 851 366 Facite
883 302 965 384 qnod
998 303 1109 381 uultis,
1141 304 1255 369 inferte

99 417 104 421 ·
129 426 248 492 poenas
272 405 452 489 corporibus
474 401 605 469 nostris:
628 403 740 468 melius
763 406 810 468 est
831 404 1017 488 temporalia
1038 407 1079 471 ad
1100 406 1256 473 modicum

128 512 262 576 sufferre
290 509 458 591 supplicia,
488 525 581 588 quam
609 509 733 571 aeterna
755 509 887 589 pendere
908 511 940 571 et
961 507 1067 574 subire
1090 512 1255 576 tormenta.

127 615 255 680 Habete
278 630 357 693 quae
379 610 575 693 promittitis,
598 627 668 674 cum
683 610 759 692 ipsis
775 610 893 675 diuitiis
909 612 980 694 post
999 612 1160 694 paululum
1175 616 1256 694 peri·

103 717 205 782 nturi
234 714 334 779 Nobis
357 731 430 778 uero
453 712 560 778 nullus
583 711 620 776 de
642 711 784 794 postibus
807 712 958 778 frontium
981 714 1100 780 ualebit
1115 715 1257 791 euellere,

128 820 216 902 quod
238 820 270 882 in
293 836 353 883 uno
377 816 567 900 baptismate
585 813 696 879 artifex
711 815 861 880 trinitatis
876 816 1023 900 dignatus
1045 819 1094 882 est
1108 810 1256 883 titulare’.

174 937 248 1023 (IV)
274 937 357 1018 Quid
371 939 495 1002 multa?
517 937 600 1000 Dum
619 935 677 999 tali
692 935 868 1001 constantia
883 936 1035 1001 diuinitus
1050 937 1256 1016 munirentur,
1295 937 1315 1003 9

127 1042 206 1106 inssi
229 1042 305 1105 sunt
327 1038 474 1106 carcerali
497 1038 657 1103 custodiae
678 1038 859 1120 mancipari,
891 1042 921 1104 et
943 1039 989 1104 iia
1007 1038 1161 1105 omdelins
1184 1058 1257 1105 one-

113 1144 192 1210 rati
216 1143 290 1208 ferri
312 1142 501 1226 ponderibus
524 1142 693 1206 tenebrosis
716 1142 858 1223 deputati
881 1144 955 1206 sunt
977 1143 1067 1218 locis,
1095 1143 1147 1208 ubi
1172 1144 1258 1210 nulla

97 1269 120 1308 ro
129 1247 293 1312 miseratio
316 1247 471 1311 adrideret
486 1243 635 1310 lenitatis
665 1243 723 1309 Sed
738 1245 871 1328 populus
886 1246 941 1310 ille
956 1248 1146 1312 memoratae
1161 1247 1257 1330 urbis,

129 1352 164 1415 in
187 1351 312 1415 domino
336 1368 456 1432 semper
477 1347 588 1426 fidelis,
612 1348 684 1412 dato
707 1365 835 1410 munere
851 1348 1030 1414 carcerariis
1046 1349 1095 1433 die
1111 1369 1147 1415 ac
1169 1344 1280 1416 noete'

130 1452 250 1518 christi
272 1453 426 1534 martyres
455 1449 677 1534 frequentabat
699 1452 731 1515 et
754 1450 800 1513 ita
826 1449 865 1514 ab
896 1449 941 1514 eis
969 1451 1110 1517 doctrina
1137 1456 1168 1519 et
1196 1453 1258 1517 uir-

130 1557 202 1621 tute
224 1554 298 1621 fidei
320 1556 532 1633 roborabatur,
555 1555 592 1618 ut
619 1553 697 1618 telia
719 1553 814 1618 etiam
837 1553 896 1636 ipsi
917 1571 972 1635 pro
994 1553 1111 1620 Christi
1133 1555 1257 1620 nomine

130 1660 227 1741 plena
260 1657 466 1723 delectatione
498 1655 636 1740 perferre
671 1659 819 1738 cuperent
848 1658 880 1721 et
907 1657 1016 1738 capulo
1044 1657 1257 1740 persequentis

95 1781 121 1822 re
131 1761 241 1827 facilia
262 1761 470 1845 subponerent
494 1760 584 1825 oolla.
622 1759 690 1824 Hoc
712 1759 817 1823 autem
848 1759 1027 1842 tyrannicas
1055 1760 1195 1843 peruenit
1217 1761 1257 1826 ad
1268 1757 1308 1824 10

131 1882 237 1946 aures3
261 1865 314 1946 qni
338 1864 486 1929 ebrietate
510 1861 623 1927 furoris
642 1880 788 1927 accensus
811 1863 898 1928 iubet
921 1880 971 1927 eos
987 1863 1087 1928 adhue
1108 1863 1257 1929 inauditis

131 1967 293 2051 suppliciis
316 1966 400 2049 adigi
428 1968 461 2032 et
482 1964 651 2031 maioribus
674 1964 810 2030 uinculis
832 1966 969 2046 onerari,
1000 1984 1173 2048 nanemque
1195 1966 1256 2031 im·

130 2072 222 2154 perat
245 2071 402 2154 lignorum
426 2068 584 2135 aridorum
606 2067 772 2150 manipulis
794 2068 960 2150 adimpleri
982 2074 1075 2153 atque
1096 2069 1130 2133 in
1149 2070 1257 2135 eadem

132 2173 277 2238 omnibus
294 2172 432 2258 alligatis
448 2174 481 2238 in
495 2172 634 2237 medium
649 2173 779 2256 pelagus
796 2173 867 2256 igne
885 2174 1045 2256 supposito
1061 2177 1256 2240 concremari.

96 2318 124 2359 ao
179 2294 234 2380 (V)
251 2294 442 2376 Eductisque
465 2292 530 2357 illis
553 2292 589 2356 de
613 2292 756 2357 custodia
773 2293 946 2358 multitudo
963 2293 1069 2376 populi
1085 2294 1135 2360 dei
1159 2295 1257 2360 bella-

132 2400 217 2462 tores
240 2397 391 2463 trinitatis
413 2396 502 2478 quasi
530 2413 625 2479 agnos
647 2394 793 2460 innocuos
815 2399 853 2461 ad
883 2397 1046 2462 uictimam
1074 2398 1256 2477 deducebat,

134 2504 166 2564 et
188 2501 377 2582 rugientium
396 2501 532 2582 pondera
554 2502 734 2564 catenarum
749 2499 839 2582 quasi
862 2501 1014 2583 quaedam
1036 2501 1166 2568 monilia
1186 2521 1257 2586 per·

133 2602 273 2682 uidebat,
298 2603 453 2686 quianon
476 2601 604 2666 inerunt
625 2601 683 2666 illa
704 2603 839 2681 uincula,
863 2604 919 2668 sed
940 2605 1043 2686 potius
1066 2606 1255 2671 ornamenta.

132 2706 322 2771 Incedebant
343 2706 448 2787 itaque
470 2723 541 2769 cum
563 2704 677 2770 fiducia
699 2705 738 2770 ad
759 2705 960 2789 supplicium,
980 2708 1072 2790 quasi
1094 2711 1131 2774 ad
1148 2706 1306 2791 epulasll

185 2927 307 2980 llauare
325 2926 362 2979 Ρι
460 2924 584 2994 2poenis
603 2923 669 2978 BV¹
764 2925 805 2977 est
822 2939 872 2978 om.
891 2923 919 2978 P
1013 2925 1189 2983 admodumb

131 3015 149 3068 3
168 3013 290 3082 pendere]
309 3013 368 3082 pati
386 3014 403 3083 β
497 3011 515 3065 4
532 3011 645 3080 paulum
662 3011 698 3066 M
790 3011 808 3064 5
825 3010 857 3064 de
871 3010 993 3079 postibus
1005 3012 1148 3084 frontium]
1168 3015 1256 3069 iuren-

131 3101 202 3153 tium
221 3117 240 3153 u
343 3101 459 3154 dunum
477 3099 505 3152 b¹
609 3096 817 3152 babusmaecu
918 3097 1022 3152 'Italia
1040 3105 1066 3154 et
1083 3104 1256 3155 munerentur

132 3186 160 3239 P
270 3184 478 3255 bcustodiad
587 3183 711 3238 honerati
734 3200 753 3238 u
782 3182 937 3253 artantied
1048 3185 1256 3254 9ponderebne

131 3276 156 3326 ε’
260 3272 293 3325 10
309 3271 366 3340 iile]
385 3271 471 3341 isted
576 3268 845 3339 11fldslis1deiist
952 3271 984 3323 12
1002 3271 1137 3326 doctrinae
1154 3273 1256 3328 uirtute

132 3360 149 3428 β
254 3359 286 3411 13
313 3357 364 3410 teli
391 3357 445 3412 PR
548 3356 600 3425 ipsi
624 3371 676 3411 om.
697 3355 736 3411 W
838 3354 934 3410 christi
957 3372 1007 3413 om.
1030 3357 1058 3411 P
1159 3359 1193 3413 14
1216 3359 1256 3413 di·

130 3444 244 3499 lectione
267 3446 303 3498 M
403 3444 519 3513 proferre
541 3443 576 3498 V¹
603 3442 707 3514 sarred
811 3444 1016 3513 persequentiit
1120 3447 1155 3500 15.
1176 3446 1256 3501 facile

131 3531 171 3585 ub
201 3531 275 3585 facili
298 3529 352 3585 PR
454 3529 589 3599 tyranicas
615 3529 654 3584 W
757 3530 790 3584 16
813 3530 974 3584 ascensusb
1078 3531 1109 3586 17
1133 3532 1256 3589 honorari

130 3617 206 3670 ch²
317 3616 459 3684 nauimque
486 3615 566 3672 an
596 3630 692 3668 nauem
716 3631 735 3669 a
858 3615 890 3670 18
913 3615 997 3684 adque
1019 3615 1047 3670 B
1168 3619 1201 3673 19
1226 3620 1254 3673 in

131 3719 182 3757 om.
207 3702 300 3756 BV¹L
329 3703 357 3755 in
375 3702 463 3757 medio
481 3701 593 3772 pelagus
611 3717 629 3754 a
658 3717 704 3770 per
721 3700 839 3756 medium
858 3701 969 3770 pelagus
987 3703 1106 3778 (pelagus
1128 3703 1174 3772 1⁷¹)
1197 3705 1258 3760 ΨΟ

131 3790 180 3843 Me
282 3789 313 3842 21
337 3789 472 3844 trinitatis
495 3786 659 3858 sequebatur.
689 3803 755 3856 quos
776 3788 854 3857 quasi
876 3787 935 3843 Wa²
1038 3787 1182 3843 deducebat
1203 3790 1254 3845 ini·

130 3875 215 3928 micus
241 3875 268 3926 et
293 3875 356 3929 Wa²
459 3873 492 3927 22
518 3873 672 3943 rugentium
699 3889 717 3926 a
820 3872 992 3927 cathenarum
1018 3890 1037 3928 u
1139 3877 1255 3930 munilia

131 3960 189 4015 BV
205 3959 463 4027 (Scbucb.II,137;
481 3960 604 4016 Rocuecb
622 3961 688 4024 465)
780 3958 948 4028 peruidebat]
967 3957 1111 4027 plorabant
1125 3962 1187 4018 Wa²

130 4046 164 4100 23
181 4046 290 4100 fuerant
306 4045 343 4098 M
442 4045 477 4099 24
494 4045 701 4114 incedebantque
718 4062 737 4100 a
