2804 4830
207 273 273 340 62⁴
608 267 762 324 [littoris
781 265 942 322 Uitensis

174 503 177 508 -
208 480 244 528 ex
266 462 323 528 hoo
344 460 551 527 manifestum
574 463 638 538 est,
666 477 737 529 oum
759 459 891 524 obseura
914 455 1046 523 eomilia
1067 457 1255 522 Iudaeorum
1276 456 1343 521 tra-

208 568 323 632 dueens
356 564 497 630 dicebat:
533 561 628 644 quid
662 559 863 643 rogitatis
897 577 1064 643 nequam
1092 559 1132 626 in
1155 557 1344 625 cordibus

60 747 61 750 Ἴ
157 667 380 734 85uestris?
414 665 568 733 Similiter
600 665 756 746 praescire
791 665 895 730 omnia
928 662 1075 746 spiritum
1109 665 1254 729 sanetum
1277 661 1344 744 ipse

208 769 424 836 manifestabit
459 770 563 834 dieens
598 768 638 833 ad
663 767 833 850 apostolos:
867 785 953 833 oum
982 764 1138 832 uenerit
1171 763 1343 848 spiritus

208 873 419 951 ueritatis,
443 870 602 938 docebit
623 888 690 936 uos
714 871 841 936 omnia
870 871 909 934 et
936 870 1105 935 uentura
1134 866 1379 934 adnuntia-⁵

208 977 268 1042 bit
289 977 412 1041 uobis.
436 975 497 1057 Qui
519 976 654 1040 uentura
675 972 820 1038 nuntiare
843 972 1034 1056 perhibetur,
1057 970 1215 1056 praesoire
1238 971 1345 1037 omnia

208 1097 270 1144 non
304 1079 476 1158 dubitatur,
511 1076 585 1161 quia
617 1076 684 1158 ipse
716 1076 875 1142 scrutatur
898 1075 1082 1140 altitudines
1116 1075 1166 1141 dei
1200 1076 1232 1141 et
1255 1076 1346 1143 nouit

208 1183 314 1248 omnia
337 1201 414 1264 qnae
436 1182 470 1247 in
492 1184 549 1247 deo
572 1182 655 1258 sunt,
690 1180 771 1244 siout
792 1181 947 1244 memorat
969 1178 1085 1244 Paulus
1108 1178 1232 1244 dieensr
1266 1179 1345 1262 spi·

208 1284 312 1351 ritus
336 1286 439 1350 enim
461 1284 589 1350 omnia
609 1283 833 1362 serutatur,
860 1282 986 1348 etiam
1008 1280 1255 1348 altitudines
1271 1284 1345 1351 dei.

208 1387 292 1452 Item
326 1389 359 1451 in
394 1387 502 1453 eodem
524 1385 606 1451 loeo:
641 1384 748 1450 siout
779 1401 887 1450 nemo
921 1384 997 1450 soit
1025 1385 1224 1450 hominum
1246 1405 1379 1469 quaem

209 1491 301 1556 sunt
338 1489 524 1569 hominis,
558 1486 636 1553 nisi
670 1486 840 1570 spiritus
878 1480 943 1569 qui
974 1486 1018 1551 in
1052 1489 1138 1572 ipso
1177 1492 1252 1567 est,
1285 1490 1345 1554 ita

208 1611 318 1658 nemo
340 1593 419 1658 seit
441 1610 536 1676 quae
558 1594 650 1657 sunt
673 1591 752 1669 dei,
775 1589 854 1655 nisi
876 1590 1048 1672 spiritus
1072 1581 1166 1658 dei(

159 1726 201 1792 86
256 1730 328 1812 (ΙΙΙ,
348 1731 400 1813 14)
425 1731 475 1798 Ad
503 1730 747 1814 intellegendam
775 1746 847 1794 uero
877 1729 1053 1812 potentiam
1083 1730 1212 1815 spiritus
1242 1734 1344 1800 saneti

209 1854 310 1919 pauca
332 1838 369 1900 de
391 1835 581 1902 terribilibus
603 1833 808 1916 proferamus.
833 1834 1025 1900 Uendiderat
1048 1837 1284 1917 possessionem,
1309 1839 1345 1903 ut

209 1938 363 2022 seriptum
386 1939 434 2003 est
456 1939 489 2002 in
521 1937 600 2003 setis
633 1937 862 2021 apestolorum,
895 1956 1059 2022 suppressa
1080 1943 1169 2022 parte
1192 1943 1380 2022 peeuniaeu

211 2041 333 2106 dolosus
356 2042 541 2124 discipulus,
571 2041 730 2124 reliquum
760 2058 815 2123 pro
839 2043 907 2106 toto
931 2041 1119 2123 antepedes
1142 2045 1344 2128 posuitapo-

209 2145 377 2211 stolorum:
414 2144 544 2210 offendit
577 2145 723 2230 spiritum
757 2144 918 2228 sanetum,
951 2163 1044 2227 quem
1075 2144 1209 2228 putabat
1234 2147 1344 2212 latere.

211 2247 272 2314 Sed
295 2247 369 2330 quid
399 2247 438 2313 ad
468 2267 539 2312 eum
569 2246 649 2314 dixit
671 2247 819 2312 continuo
841 2245 956 2311 beatus
978 2247 1115 2314 Petrus?
1152 2247 1343 2332 Annania‚

88 2356 91 2360 ’
210 2367 330 2432 quare
354 2352 514 2414 satanas
543 2349 721 2432 repleuit
748 2366 812 2414 eor
834 2349 959 2428 tuum,
982 2341 1031 2414 ‘ut
1053 2351 1243 2417 mentires
1266 2356 1344 2438 spi·

209 2451 311 2516 ritui
335 2453 495 2516 saneto?
532 2451 577 2515 Et
598 2451 698 2518 infra:
728 2470 802 2517 non
826 2470 863 2517 es
885 2455 1074 2519 mentitus
1102 2444 1381 2540 hominibus‚ao

209 2556 276 2621 sed
300 2557 380 2621 deo.
403 2555 506 2637 Atque
518 2556 563 2620 ita
577 2574 742 2638 pereussus
755 2556 875 2622 uirtute
891 2559 966 2636 eius,
984 2556 1035 2622 cui
1050 2559 1175 2624 mentiri
1190 2559 1344 2639 uoluerat,

210 2658 375 2742 expirauit.
422 2658 504 2740 Quid
537 2658 589 2724 hie
621 2659 692 2724 uult
725 2658 836 2725 beatus
869 2659 982 2725 Petrus
1017 2659 1162 2748 intellegi
1195 2663 1344 2747 spiritum

311 2871 397 2926 ant.
416 2871 441 2937 9,
454 2871 479 2924 4.
549 2872 644 2928 4101.
665 2873 760 2942 16,13.
830 2873 1056 2941 8100r.2,10.
1128 2874 1288 2932 101.r.11.

212 2956 245 3011 18
262 2956 321 3010 Aet.
341 2959 366 3023 5,
384 2957 410 3011 3.
514 2959 627 3016 2010.
646 2959 671 3014 4.

261 3155 276 3207 1
295 3154 445 3224 traducens]
464 3155 496 3208 aba
519 3155 590 3212 Om.
609 3159 629 3210 2
646 3157 692 3210 ael
709 3161 726 3212 3
743 3172 762 3210 s.
783 3157 800 3212 t.
820 3157 917 3214 odient.
942 3157 971 3211 id
994 3160 1036 3212 est
1058 3157 1199 3214 diffamans
1217 3161 1262 3215 uel
1280 3177 1343 3216 oon·

209 3247 324 3302 fundens
420 3250 527 3318 hquod
550 3250 587 3305 V²
683 3250 860 3320 SSimiliter]
880 3251 1007 3306 similiter
1024 3252 1171 3324 spiritusd
1267 3271 1343 3323 prae-

209 3343 276 3397 soire
295 3345 407 3398 omnia.
427 3385 432 3396 .
453 3383 460 3399 .
483 3344 640 3413 perhibetur
664 3347 748 3414 emp
869 3346 887 3400 4
914 3347 1059 3416 apostolos]
1086 3347 1197 3418 populos
1228 3349 1255 3404 V
1278 3353 1344 3420 (per

209 3443 291 3497 comp.
311 3428 378 3497 ples)
478 3432 495 3484 5
514 3431 619 3486 dooeuit
633 3437 658 3486 et
671 3432 846 3487 adnuntiauit
864 3433 932 3488 ΒΨ
1027 3434 1147 3504 duobis]
1166 3452 1215 3491 uos
1238 3437 1273 3492 Ψ

210 3514 225 3567 7
244 3517 378 3571 scrutator
399 3517 467 3572 V¹so
493 3519 629 3572 scrutator
642 3519 683 3571 est
700 3518 739 3572 M
821 3519 977 3574 altitudinis
998 3520 1157 3578 BVO¹Msa
1252 3523 1285 3578 13
1303 3525 1343 3580 in·

208 3599 388 3669 telligendum
411 3603 438 3656 A
551 3603 585 3657 14
611 3604 735 3672 passione
757 3604 792 3659 Ψ
906 3607 939 3660 15
966 3606 1034 3660 actis
1057 3606 1181 3664 BVOW
1205 3608 1253 3678 (of.
1272 3611 1343 3678 infr.

209 3689 271 3756 92):
299 3687 404 3742 astibus
423 3690 482 3744 rell.
576 3689 718 3758 subpressa
736 3691 764 3744 P
867 3692 900 3747 16
917 3693 1048 3762 reliquam
1065 3694 1094 3748 Α
1186 3710 1234 3764 pro
1251 3697 1343 3751 totum

209 3771 305 3826 ΒΨΑ
334 3774 481 3842 proiecitu
584 3777 675 3844 posuit
693 3793 745 3836 om.
764 3777 852 3834 BV¹a
882 3780 972 3848 posuit
989 3781 1053 3834 ante
1076 3781 1154 3850 pedes
1171 3797 1214 3849 ap.
1237 3783 1276 3839 W

209 3859 389 3926 apostolorum
416 3861 508 3930 posuit
536 3862 643 3917 V²0Ms
672 3879 772 3932 ponens
800 3881 842 3934 ap.
870 3866 897 3920 L
1002 3867 1033 3920 17
1060 3883 1089 3921 se
1112 3867 1194 3922 latere
1220 3868 1275 3936 βΑ

210 3944 242 3997 18
265 3946 363 4000 anania
385 3947 566 4002 O²MsaLPR
680 3949 712 4002 19
736 3949 862 4005 sathanas
886 3968 903 4005 α
1006 3952 1133 4006 mentires
1156 3952 1345 4010 BV¹Ms¹PR

209 4030 345 4096 (Roeasch
358 4048 389 4100 p.
409 4035 490 4098 2981:
517 4033 649 4088 mentitus
677 4048 747 4089 esses
773 4037 801 4089 A
830 4037 984 4092 mentireris
1010 4037 1069 4094 rell.
1175 4038 1204 4093 in
1232 4040 1344 4109 spiritui

211 4115 282 4170 ΒΨ
386 4118 420 4172 22
447 4120 643 4190 exspirauitp
749 4123 820 4192 quod
843 4123 887 4178 hio
910 4124 980 4179 uelit
1006 4125 1042 4182 M
1146 4125 1272 4197 intellegi
1292 4142 1345 4184 om.

215 4200 275 4258 VC:
303 4203 424 4274 intelligi
442 4206 531 4262 aben
