2804 4830
458 315 544 370 liber
564 315 617 380 III,
642 313 754 370 57-60.
1104 313 1162 380 101

45 506 224 590 gradientes
246 507 334 571 uiuos
357 506 442 571 omui
464 524 501 571 er
522 507 610 587 parte
633 504 793 569 neoabant.
816 502 883 569 Neo
904 505 1030 569 deerant
1053 501 1163 568 ootidie

49 610 163 692 ubique
185 608 392 694 expirantium
414 607 523 673 tunore
545 611 577 672 et
599 625 661 672 non
684 607 786 671 luerat
807 604 917 685 mutus,
942 623 1021 688 quae
1036 604 1164 670 misera·

50 712 142 778 tionis
159 712 338 794 inpenderet
352 699 560 795 sepulturam,
582 729 680 793 neque
702 709 785 774 onim
806 709 1001 774 sufficiebant
1023 707 1064 774 ad
1081 727 1164 792 sepe·

48 815 187 881 liendum
209 816 283 893 uiui,
307 815 390 879 fame
413 813 589 878 dominante
612 814 644 878 et
659 812 720 896 ipsi
742 813 812 894 poet
830 812 993 896 paululum
1008 811 1164 879 morituri.

29 915 222 1001 udnpiebant
246 916 362 1001 singuli
388 915 569 981 libertatem
595 933 685 981 suem
714 915 910 998 filiorumque
939 934 1066 982 suorum
1095 935 1166 998 per·

47 1022 160 1104 petuao
182 1018 329 1084 seruituti
350 1019 501 1102 redigere,
518 1021 549 1082 et
567 1037 629 1084 non
649 1019 795 1101 poterant
815 1018 962 1084 inuenire.
990 1020 1115 1085 Montes
1136 1023 1167 1084 et

48 1123 161 1200 eolles,
195 1121 318 1204 plateae
343 1121 525 1203 ciuitatum,
559 1120 630 1187 uiae
656 1122 709 1186 uel
737 1121 867 1186 semitae
897 1139 995 1187 unum
1025 1123 1166 1187 omnibus

47 1227 187 1291 deterant
213 1224 328 1306 ubique
356 1224 573 1306 sepulchrum,
610 1224 721 1307 quibus
747 1224 851 1290 inedia
880 1226 1045 1308 depaeoerm
1073 1225 1166 1290 dene-

47 1332 177 1413 gauerat
199 1329 328 1396 uiotum.
356 1327 515 1395 Uuandali
530 1329 636 1394 autem
658 1328 727 1411 ipsi,
750 1346 826 1411 quos
849 1329 882 1392 et
902 1331 1011 1410 postea
1024 1325 1167 1410 frequens
1175 1324 1216 1391 59

11 1435 221 1507 »mulonem
241 1432 472 1518 prouinoiarum
495 1433 594 1516 spolia
615 1437 647 1498 et
668 1434 800 1498 retentio
815 1433 941 1498 Africae
963 1431 1062 1513 primo
1084 1428 1168 1494 feee-

48 1541 120 1603 raut
148 1537 277 1615 diuites,
309 1537 423 1601 maiore
451 1534 552 1619 magis
581 1535 686 1618 inopie
714 1534 955 1618 torquebantur:
990 1537 1023 1598 et
1051 1536 1167 1615 quanto

48 1641 106 1706 sibi
136 1639 322 1704 uidebantur
349 1658 510 1705 seruorum
539 1640 719 1722 adgestione
746 1638 884 1722 superbi,
913 1640 1003 1702 tauto
1034 1637 1168 1719 amplius

50 1740 233 1806 deficiebant
257 1742 338 1806 lamo
360 1744 522 1824 torquente
534 1741 659 1807 defeoti.
694 1741 811 1807 Nullus
835 1740 945 1818 filium,
967 1738 1072 1804 nullus
1094 1756 1167 1803 oon·

48 1843 163 1928 iugem,
187 1845 292 1910 nullus
306 1844 465 1929 proprium
485 1845 588 1909 tenuit
602 1863 746 1921 semum;
768 1848 820 1910 sed
836 1848 940 1909 exiens
955 1843 1167 1923 unusquisque

10 1963 110 2011 unon
133 1947 187 2012 ubi
201 1947 311 2024 uoluit,
327 1948 381 2011 sed
397 1947 450 2013 ubi
466 1947 577 2030 ualuit,
601 1951 656 2012 aut
671 1948 782 2014 statim
796 1946 911 2011 defeoit
928 1947 982 2010 aut
996 1961 1167 2026 numquam

49 2053 172 2116 omnino
187 2049 313 2115 rediuit.
329 2051 528 2133 Urguebatur
543 2050 650 2115 infelix
665 2050 835 2115 multidudo
847 2049 886 2115 ad
898 2051 998 2130 ipsam
1013 2067 1046 2112 se
1058 2047 1218 2115 urbem60

48 2153 266 2236 Carthaginem
287 2170 488 2237 congregare:
517 2156 549 2217 et
571 2152 646 2218 dum
668 2153 744 2218 illua
769 2152 951 2217 cateruatim
974 2149 1075 2215 adhue
1097 2149 1165 2214 ani-

47 2260 134 2321 mata
161 2255 313 2320 cadauera
342 2255 550 2334 confluerent,
579 2254 634 2319 ubi
663 2274 718 2320 rex
751 2253 984 2318 inferendarum
1019 2252 1166 2318 mortium

49 2357 130 2423 uidit
148 2361 276 2440 strages,
301 2357 377 2440 pelli
391 2359 466 2423 urbe
481 2375 587 2423 omnes
603 2358 676 2423 ilioo
691 2357 788 2436 iubet,
811 2375 850 2421 ne
865 2357 1006 2440 contagio
1022 2355 1165 2420 deficien-

10 2462 129 2526 utium
158 2479 353 2526 communem
381 2463 504 2544 peraret
532 2462 628 2526 etiam
650 2462 797 2526 exercitui
820 2462 885 2525 eius
914 2477 1033 2542 quoque
1061 2458 1166 2542 sepul·

47 2564 168 2630 ohrum.
212 2563 283 2628 Suis
317 2582 389 2647 ergo
423 2566 591 2646 prouinciis
627 2565 659 2629 et
694 2564 836 2629 domibus
866 2561 1006 2644 singulos
1034 2561 1168 2645 imperat

47 2666 206 2749 reuooari3
230 2667 284 2731 sed
306 2686 361 2732 nee
385 2671 474 2732 erant
496 2671 548 2751 qui
564 2670 806 2742 reuerterentur,
828 2665 903 2729 dum
918 2667 1047 2746 uterque
1062 2663 1167 2747 sepul·

46 2772 152 2835 turam
174 2788 262 2834 suam
284 2771 316 2834 in
337 2771 430 2835 uultu
453 2770 623 2853 portarent.
652 2769 694 2833 Et
716 2769 830 2834 ideireo
846 2767 926 2832 sorte
941 2765 1040 2830 maior
1055 2764 1167 2847 rebap-

47 2874 213 2938 tizatorum
235 2873 369 2955 perditio
390 2873 493 2955 potuit
519 2872 692 2955 proueniro,
716 2869 789 2953 quia
811 2871 886 2935 dum
911 2868 1106 2952 promittitur
1127 2868 1166 2932 ab

10 2975 190 3040 asArrianis
212 2975 384 3056 praesentis
406 2974 575 3040 transactio
598 2973 694 3053 uitae,
717 2985 774 3040 neo¹
795 2973 875 3038 illud
890 2971 1020 3037 obuenit
1034 2975 1066 3036 et
1082 2989 1166 3036 mors

97 3198 113 3250 1
137 3197 214 3250 inuos
235 3196 271 3250 V¹
300 3197 331 3251 iu
352 3212 381 3250 oa
402 3196 475 3254 ΨΜ
574 3197 657 3266 omni]
681 3196 762 3250 morti
780 3195 815 3264 P,
837 3194 885 3250 eod
902 3209 972 3248 erae.
1085 3192 1167 3246 201·

45 3285 183 3353 pmantum
198 3284 237 3340 W
328 3299 380 3336 non
392 3300 442 3338 om.
459 3284 497 3339 W
593 3283 723 3338 dmortui
735 3283 763 3337 P
847 3280 863 3333 9
880 3279 1031 3349 frequentia
1047 3277 1168 3333 Wsolue

45 3383 79 3424 eor
101 3369 167 3423 mea
192 3370 235 3436 (ta
256 3369 283 3423 B
300 3386 347 3423 ens
364 3371 398 3424 ior
413 3382 469 3425 rae.
487 3371 594 3439 seript.,·
618 3369 667 3424 aed
684 3369 783 3424 litteris
799 3367 872 3422 entia
888 3367 964 3420 lomes
980 3365 1167 3420 maalmeon

43 3474 119 3542 erat)
223 3473 257 3526 10
278 3473 391 3527 reeentio
413 3474 453 3529 W
551 3473 650 3542 primos
667 3472 766 3527 fenerat
783 3471 832 3540 dF
931 3470 962 3524 11
990 3457 1167 3538 torq'ebantur

43 3559 71 3612 B
175 3559 207 3612 12
233 3558 401 3629 uidebantur]
428 3561 568 3614 seruentur
594 3558 622 3613 P
727 3558 874 3612 adiectione
900 3570 918 3610 o
1030 3557 1062 3611 13
1089 3555 1166 3610 delle·

44 3645 112 3698 bant
143 3643 177 3698 W
295 3645 329 3699 14
354 3660 490 3700 seruorum
517 3646 532 3700 b
653 3645 692 3698 15·
714 3644 805 3698 delinit
829 3643 886 3698 BV
910 3642 1035 3709 (Solotteis.
1063 3642 1091 3707 l,
1116 3643 1168 3695 311

43 3733 111 3800 sqq.)
215 3730 247 3784 16
265 3746 292 3784 se
311 3745 361 3786 om.
380 3730 428 3800 dF
519 3729 585 3784 urbe
606 3730 643 3786 W
746 3729 778 3782 ll
797 3728 985 3797 congregarit
1080 3726 1166 3781 adhue

43 3817 203 3871 manuatim
219 3816 285 3870 illue
303 3816 350 3885 did
451 3816 537 3871 adhue
557 3831 606 3872 oon.
634 3826 666 3881 e,
693 3817 741 3885 qui
766 3815 926 3870 cateruatim
948 3819 1013 3884 poet
1037 3813 1167 3867 cadauera

42 3900 124 3957 tabet
226 3901 259 3956 18
284 3902 399 3956 metium
428 3905 461 3957 W
569 3902 601 3955 19
627 3901 751 3971 mntagio
778 3899 805 3955 V
902 3898 1059 3953 dedentium
1085 3897 1168 3954 BVO

44 3989 155 4056 (Rode.
172 3988 247 4043 Moe.
265 3992 335 4044 1879
354 4006 381 4057 p.
400 3993 464 4058 639)
584 3989 619 4042 20
645 4004 781 4043 commune
811 3988 888 4044 Wab
1007 3983 1088 4038 etiam
1115 3999 1166 4038 om.

42 4074 92 4129 Mo
185 4077 321 4144 exercitui]
335 4074 450 4129 examini
462 4075 511 4143 dF
600 4089 765 4143 qnoqueom.
781 4075 812 4128 W
905 4071 1007 4125 meret
1020 4069 1099 4137 Bar:

42 4163 221 4215 reuerteretur
242 4160 375 4216 ΝΜ
392 4162 460 4228 (orat
473 4199 481 4212 .
496 4199 503 4214 .
518 4160 746 4224 .reuerteretur?)
848 4159 883 4214 23
900 4159 1020 4227 portaret
1037 4156 1099 4212 ML

41 4245 78 4300 24
95 4246 173 4316 potui
191 4245 258 4301 ΒΨ
361 4245 395 4300 25
412 4246 511 4301 arriani
532 4247 570 4303 W

1151 4348 1323 4549 Γ
