2804 4830
231 310 273 374 42
624 306 774 361 Uictoris
794 304 951 359 Uitensis

232 496 406 579 pariterque
433 496 634 578 oppressionis
661 497 784 559 nostrae
812 493 980 559 calumnias
1012 493 1164 560 uniuersis
1192 491 1284 558 terris
1315 496 1350 557 et

232 599 352 681 populis
375 599 560 664 nuntiarent.

154 738 158 752 '
181 736 225 802 45
279 735 333 817 (ΙΙ,
347 733 400 820 16)
417 735 475 799 Ille
490 738 602 813 autem,
619 734 670 817 qui
687 733 832 798 noctabat
844 733 938 814 dolor,
955 731 1059 798 audire
1073 733 1173 798 noluit
1184 736 1347 810 rationem,

233 855 326 919 agens
347 835 664 919 argumentationibus
688 833 818 912 crebris,
847 836 883 898 ut
905 851 1111 917 quoscumque
1134 835 1348 918 episcoporum

234 939 371 1004 audierat
404 938 557 1013 eruditos,
594 937 690 1003 uariis
728 937 978 1002 insectationibus
1016 937 1159 1020 agitaret.
1203 937 1271 1003 Iam
1308 941 1384 1004 ada

234 1040 358 1105 exilium
381 1039 600 1105 Uibianensem
613 1038 841 1104 secundianum
857 1038 997 1121 inpositis
1013 1055 1054 1103 cn
1070 1038 1205 1104 fustibus
1219 1041 1349 1104 miserat

234 1144 422 1226 episcopum,
445 1160 585 1207 necnon
608 1148 639 1206 et
662 1141 889 1206 Sufetulensem
911 1139 1120 1218 Praesidium,
1145 1140 1253 1229 uirum¹
1269 1142 1348 1206 satis

233 1249 368 1310 acutum.
386 1247 472 1310 Tune
487 1248 518 1309 et
532 1243 723 1308 uenerabiles
738 1243 947 1322 Mansuetnm
965 1241 1163 1318 Germanum,
1179 1244 1348 1309 Fusculum

182 1348 266 1414 dcet
288 1347 403 1412 multos
434 1347 510 1412 alios
539 1346 714 1430 fustigauit.
758 1346 839 1410 Dum
864 1345 940 1410 baec
962 1346 1126 1429 geruntur,
1155 1347 1287 1428 imperat
1312 1352 1348 1411 ut

234 1468 302 1513 cum
337 1450 459 1514 nostrae
492 1448 650 1532 religionis
682 1448 806 1513 illorum
840 1467 979 1514 mensam
1013 1446 1118 1512 nullus
1152 1466 1349 1514 communem
1358 1476 1382 1516 ro

233 1549 363 1616 haberet
384 1570 481 1634 nequo
505 1570 576 1617 cum
608 1552 767 1618 catholicis
790 1552 913 1616 omnino
936 1554 1142 1616 noscerentur.
1186 1550 1273 1630 Quae
1296 1571 1345 1616 res

232 1669 292 1717 non
314 1653 389 1735 ipsis
412 1654 534 1736 aliquod
556 1655 716 1737 praestitit
745 1654 946 1730 beneficium,
976 1655 1029 1718 sed
1057 1653 1146 1718 nobis
1174 1654 1346 1718 maximum

234 1755 366 1820 contulit
394 1757 524 1820 luorum.
570 1757 651 1821 Nam
681 1757 707 1821 si
730 1775 854 1821 sermo
882 1774 1030 1832 eorum,
1054 1757 1172 1822 dicente
1194 1759 1347 1839 apostolo,

232 1859 340 1923 siout
355 1877 494 1923 cancer
509 1859 718 1925 consueuit
738 1877 913 1942 serpere,
930 1861 1044 1942 quanto
1059 1859 1158 1942 magis
1175 1860 1348 1925 communis

232 1977 340 2025 meuse
372 1959 511 2025 ciborum
533 1961 646 2043 poterit
668 1962 837 2045 inquinare,
870 1979 940 2026 oum
964 1961 1046 2026 dicat
1068 1961 1151 2026 idem
1173 1965 1382 2045 apostolus,1s

233 2082 313 2128 cum
336 2063 510 2128 nefariis
532 2084 596 2130 nec
619 2065 746 2130 oibum
769 2065 910 2130 habere
934 2083 1179 2129 communem.

182 2161 248 2247 '47'
275 2182 329 2260 (Il,
348 2184 400 2267 17)
430 2181 491 2247 Sed
523 2203 594 2250 cum
625 2185 708 2268 ignis
736 2185 798 2250 iam
824 2183 1046 2267 persecutionis
1076 2185 1295 2251 accenderetur
1316 2191 1348 2252 et

232 2283 359 2348 flamma
380 2285 557 2350 infestantis
581 2286 696 2368 ubique
717 2289 799 2371 regis
822 2288 951 2368 arderet,
987 2286 1122 2352 ostendit
1145 2287 1218 2352 deus
1241 2291 1348 2354 noster

233 2385 385 2468 quoddam
418 2387 603 2452 miraculum
635 2407 690 2470 per
724 2407 849 2454 seruum
882 2408 972 2454 sunm
1005 2387 1128 2455 fidelem
1162 2391 1346 2474 Eugenium,

232 2488 312 2570 quod
334 2491 501 2570 praeterire
523 2508 582 2554 non
606 2490 710 2556 debeo.
735 2490 809 2557 Fuit
830 2492 862 2556 in
885 2496 990 2558 eadem
1014 2492 1140 2557 ciuitate
1161 2493 1256 2559 idest
1272 2493 1382 2560 Car-ro

232 2589 357 2674 thagine
386 2591 511 2675 quidam
548 2611 654 2658 caecus
683 2594 760 2658 ciuis
789 2594 968 2676 ciuitatique
998 2594 1193 2679 notissimus,
1223 2597 1346 2661 nomine

232 2693 327 2758 Felix.
351 2694 410 2759 Hic
431 2694 578 2761 uisitatur
600 2715 618 2760 a
639 2697 763 2762 domino
785 2696 959 2780 diciturque
993 2697 1021 2761 ei
1043 2700 1132 2762 nocte
1154 2717 1208 2780 per
1230 2698 1345 2775 uisum,

232 2795 297 2860 dies
316 2795 398 2860 enim
420 2795 634 2880 llpifaniorum
662 2799 886 2865 inlucescebat:
909 2801 1026 2882 burge,
1057 2801 1136 2866 uade
1158 2801 1197 2866 ad
1219 2822 1345 2868 seruum

232 2915 335 2961 meum
357 2898 531 2980 Eugenium
552 2903 738 2983 episcopum,
763 2905 794 2967 et
817 2903 898 2967 dices
921 2903 959 2980 ei,
983 2903 1054 2985 quia
1077 2922 1133 2988 ego
1149 2887 1179 2966 te
1198 2905 1236 2968 ad
1252 2905 1346 2970 illum

232 3000 335 3064 direxi.
381 3002 421 3064 llt
447 3001 501 3067 illa
528 3003 618 3080 hora,
649 3021 709 3086 qua
737 3003 888 3070 benedicit
916 3004 1047 3082 fontem,
1080 3009 1115 3069 ut
1147 3006 1380 3087 baptizentura

335 3177 366 3231 13
392 3178 421 3232 Il
440 3179 507 3232 Tim.
526 3180 550 3245 2,
570 3181 610 3234 17.
714 3183 746 3236 16
773 3183 863 3238 ICor.
881 3185 905 3248 5,
927 3185 966 3238 11.

282 3342 297 3393 1
327 3343 484 3396 calumniam
515 3346 531 3412 β
650 3345 667 3398 3
695 3346 824 3400 noctabat
857 3347 918 3404 110²
953 3347 1075 3401 nectebat
1107 3349 1249 3404 WMccP²
1279 3350 1346 3416 sort.

231 3431 301 3480 recte
393 3429 617 3485 5insectionibus
635 3430 674 3484 W
763 3431 976 3487 6uibionensem
989 3432 1025 3486 Μ
1046 3433 1200 3487 uibianense
1218 3451 1236 3487 a
1260 3436 1348 3490 uinia-

231 3526 337 3566 nonsom
351 3515 367 3578 β
465 3514 658 3570 secundianum
671 3532 733 3586 epo:
745 3517 779 3584 of.
792 3519 856 3573 Not.
866 3533 947 3586 prora.
961 3519 1029 3590 Bga
1042 3523 1091 3574 72:
1103 3519 1211 3574 secundi
1223 3521 1347 3588 (secundo

231 3599 257 3668 b)
270 3598 443 3655 donationum
456 3601 638 3670 (donatianum
655 3604 720 3675 Wd)
731 3621 784 3660 moa
880 3606 1098 3660 ‘lsufeculcnsem
1111 3606 1348 3663 qusctulensam

231 3701 250 3738 a
274 3684 471 3741 suffetulensem
495 3690 510 3742 b
613 3692 679 3743 satis
705 3707 754 3745 om.
782 3693 798 3759 β
901 3692 918 3746 8
943 3695 1001 3745 tum
1029 3693 1077 3748 Mo
1178 3693 1195 3746 9
1222 3696 1350 3762 gerentur

234 3770 295 3828 1⁷0¹
320 3775 467 3846 agerentur
493 3776 541 3829 Mo
654 3779 685 3832 10
711 3794 770 3832 eum
798 3794 847 3832 om.
876 3777 976 3846 WMsd
1078 3779 1174 3849 religio
1200 3779 1255 3835 PR
1285 3781 1349 3834 reli·

230 3858 347 3926 gioneb
376 3858 512 3928 religionis
531 3875 565 3914 nr·
584 3861 650 3915 uiris
670 3864 728 3932 (cic)
746 3849 789 3916 α’
866 3878 957 3916 mensa
982 3863 1086 3918 nullum
1113 3866 1130 3933 β
1242 3866 1276 3920 15
1301 3881 1350 3934 po-

230 3943 320 4013 tuitp
407 3945 439 3999 16
455 3961 501 4000 nes
514 3946 541 3999 P
566 3947 626 4001 neb
644 3963 758 4003 cxcorr.
855 3948 886 4002 19
898 3947 1041 4017 eugenium
1054 3951 1138 4018 orac
1232 3948 1266 4004 21
1279 3948 1349 4004 ciuis

230 4030 395 4099 ciuitatiquo]
414 4029 488 4084 cuius
506 4031 596 4097 (huius
614 4032 640 4098 b)
658 4033 765 4086 ciuitati
784 4035 800 4103 β
902 4034 936 4087 23
953 4033 1106 4102 epiphaniae
1123 4035 1171 4088 Ma
1274 4034 1351 4090 inlu·

230 4115 362 4170 cesscebat
383 4116 442 4171 1⁷0¹
468 4117 652 4173 illuscescebat
671 4135 689 4172 c
714 4119 863 4174 lucescebat
881 4121 897 4189 β
995 4120 1071 4190 uode]
1090 4123 1117 4175 et
1134 4121 1202 4175 uada
1220 4120 1257 4174 M
1263 4122 1280 4191 β

230 4198 264 4252 25
281 4200 418 4256 benedicet
435 4202 509 4256 aP²b
