2804 4830
163 303 182 368 8
555 293 710 349 Uictoris
736 292 894 347 Uitensis

161 490 244 554 enim
267 489 423 570 episcopos
446 489 478 550 et
499 484 603 563 laicos,
638 484 735 550 claros
758 484 851 565 atque
874 482 1040 547 honoratos
1062 480 1155 558 uiros,
1182 497 1288 545 seruos

161 611 227 659 esse
250 592 394 657 nouimus
417 589 660 656 Uuandalorum.

110 717 151 783 15
204 712 243 794 (Ι,
259 713 291 794 5)
318 711 405 776 Tunc
427 729 498 776 uero
520 711 708 774 memoratae
731 708 816 772 urbis
839 707 1016 790 episcopum
1037 709 1070 774 id
1092 709 1140 772 est
1155 706 1288 772 Cartha·

160 816 253 899 ginis,
288 816 344 880 deo
379 819 410 880 et
444 815 621 880 hominibus
644 815 856 895 manifestum,
890 813 1014 878 nomine
1037 809 1285 889 Quoduultdeus,

160 921 192 984 et
223 920 393 983 maximam
426 917 554 983 turbam
588 918 769 982 elericorum
802 916 937 983 nauibus
972 915 1082 981 fractis
1114 914 1285 997 inpositam
1311 951 1323 990 a

159 1025 256 1088 nudos
280 1027 373 1104 atque
396 1022 567 1104 expoliatos
583 1021 695 1103 expelli
710 1021 877 1104 praecepit.
902 1019 984 1101 Quos
1001 1020 1142 1085 dominus
1160 1020 1286 1082 misera

159 1127 243 1191 tione
265 1126 417 1192 bonitatis
440 1144 513 1191 suae
535 1143 684 1208 prospera
699 1124 900 1209 nauigatione
916 1123 1082 1206 Neapolim
1098 1120 1287 1204 Campaniae

157 1231 325 1313 perducere
341 1230 488 1312 dignatus
504 1239 552 1294 est
567 1230 738 1294 ciuitatem.
755 1228 942 1293 Senatorum
956 1230 1048 1308 atque
1061 1226 1285 1291 honoratorum

158 1333 394 1398 multitudinem
427 1333 527 1416 primo
563 1333 654 1397 exilio
688 1332 807 1398 crudeli
840 1331 1008 1406 contriuit,
1041 1333 1148 1413 postea
1182 1331 1286 1393 trans-

157 1439 278 1501 marina
299 1437 333 1500 in
355 1438 445 1518 parte
468 1438 606 1519 proiecit.
641 1437 736 1501 Pulso
761 1455 895 1518 namque
917 1435 1071 1516 episcopo,
1094 1434 1131 1497 ut
1152 1431 1287 1514 praefati
1297 1469 1323 1509 10

157 1559 274 1618 sumus,
292 1559 364 1605 cum
379 1542 461 1605 clero
472 1539 655 1619 uenerabili‚
672 1540 746 1604 ilico
762 1541 925 1605 eeclesiam
940 1539 1064 1604 nomine
1080 1539 1285 1613 Restitutam

157 1642 192 1706 in
213 1661 275 1724 qua
297 1662 415 1726 semper
439 1643 574 1726 episcopi
598 1644 847 1721 commanebant,
871 1662 944 1708 snae
965 1641 1110 1726 religioni
1125 1641 1286 1722 mancipa-

156 1745 214 1821 uit
238 1749 331 1827 atque
354 1747 524 1824 uniuersas,
554 1766 633 1828 quae
659 1747 745 1810 intra
766 1764 871 1811 muros
895 1746 1019 1812 fuerant
1042 1742 1191 1822 ciuitatis,
1214 1762 1286 1808 cum

107 1851 147 1916 16
157 1849 221 1912 suis
244 1849 365 1913 diuitiis
389 1848 531 1914 abstulit.
557 1849 617 1916 Sed
640 1852 736 1915 etiam
758 1851 832 1915 foris
855 1869 944 1915 muro
961 1867 1167 1932 quascumque
1184 1847 1286 1912 uoluit

157 1952 329 2034 occupauit,
353 1955 385 2016 et
399 1953 566 2035 praecipue
582 1957 658 2019 duas
674 1955 816 2038 egregias
832 1959 864 2018 et
880 1953 999 2035 amplas
1016 1951 1117 2017 sancti
1134 1949 1285 2033 martyris
1296 1986 1322 2026 ,5

156 2053 312 2138 Cypriani,
336 2073 432 2120 unam
455 2055 510 2120 obi
531 2057 715 2139 sanguinem
738 2057 830 2132 fudit,
855 2057 951 2122 aliam
973 2056 1029 2120 uhi
1045 2056 1110 2120 eius
1126 2054 1286 2138 sepultum

156 2161 203 2222 est
226 2177 347 2243 corpus,
371 2160 425 2242 qni
447 2161 534 2225 locus
557 2160 716 2243 Mappalia
738 2162 903 2225 uocitatur.
935 2158 1010 2238 Quis
1033 2176 1106 2223 uero
1129 2157 1286 2222 sustineat

155 2265 248 2343 atque
269 2263 369 2345 possit
387 2263 453 2328 sine
470 2263 606 2328 lacrimis
621 2263 785 2340 recordari,
809 2265 885 2328 dum
898 2262 1089 2346 praeciperet
1105 2264 1285 2326 nostrorum

155 2383 283 2446 corpora
306 2366 525 2431 defunctorum
548 2368 612 2431 sine
636 2367 846 2431 sollemnitate
868 2367 1056 2449 hymnorum
1072 2385 1144 2430 cum
1158 2364 1284 2430 silentio

156 2469 195 2532 ad
217 2469 410 2550 sepulturam
432 2471 581 2552 perduci?
604 2470 734 2536 Addidit
757 2469 868 2548 adhuc,
893 2473 928 2535 ut
951 2474 983 2534 et
1003 2487 1076 2551 pars
1100 2469 1323 2539 clericorumso

104 2573 144 2637 17
156 2589 235 2654 quae
250 2575 440 2637 remanserat
456 2573 578 2654 poenali
595 2573 686 2637 exilio
701 2574 889 2638 truderetur.
906 2573 946 2637 Et
962 2576 1037 2637 dum
1048 2571 1110 2636 ista
1121 2572 1283 2654 geruntur,

155 2675 208 2757 qui
231 2681 413 2757 supererant
435 2676 544 2758 magni
567 2678 740 2742 sacerdotes
764 2681 858 2759 atque
881 2677 1018 2758 insignes
1041 2674 1103 2739 uiri
1125 2692 1283 2739 memora·

154 2782 258 2843 tarum
290 2779 530 2861 prouinciarum,
567 2798 642 2860 quas
673 2779 823 2845 diuiserat
846 2779 1028 2858 Unandalis‚
1065 2777 1284 2861 cogitauerunt

153 2881 348 2964 supplicandi
381 2883 484 2967 gratia
513 2902 618 2966 regem
640 2883 735 2948 adire.
774 2883 835 2964 Qui
857 2885 941 2960 dum,
976 2888 1012 2948 ut
1034 2886 1128 2948 moris
1151 2885 1207 2960 est,
1244 2883 1284 2947 ad

152 2983 381 3051 Maxulitanum
414 2987 489 3052 litus
524 2987 644 3065 exisset,
679 2987 761 3069 quod
795 2986 907 3068 Ligula
939 2986 1027 3068 uulgi
1057 2987 1281 3051 consuetudine
1293 3017 1322 3060 25

152 3088 318 3167 uocitatum
355 3091 478 3155 amissis
512 3091 576 3155 iam
610 3089 745 3155 ecclesiis
773 3095 804 3152 et
826 3089 919 3154 rebus
941 3107 1101 3154 occurrere
1124 3088 1184 3152 uisi
1207 3088 1286 3152 sunt

154 3192 377 3275 supplicantes,
401 3195 437 3257 ut
460 3193 499 3258 ad
523 3193 742 3258 consolandum
760 3193 909 3275 populum
926 3193 976 3257 dei
991 3194 1104 3256 saltem
1120 3191 1284 3256 habitandi

205 3464 390 3534 lepischopos
411 3466 438 3519 V
530 3467 613 3520 cleros
635 3467 674 3522 W
770 3467 931 3521 dnouimus
949 3483 1005 3522 essa
1025 3484 1070 3534 φα
1164 3466 1285 3536 4quod-

150 3551 279 3606 uuldeum
300 3553 339 3608 W
440 3553 576 3623 tideuspi
672 3554 853 3622 9primi1W
948 3554 978 3608 iu
996 3555 1204 3608 transmarinam
1221 3570 1285 3622 par·

150 3641 206 3691 tem
225 3658 246 3706 φ
265 3639 446 3692 transmarina
459 3639 487 3692 in
500 3643 576 3707 parte
594 3640 633 3695 W
727 3641 759 3694 11
777 3640 887 3694 ecclesia
906 3641 933 3694 B
1019 3640 1148 3694 restituta
1165 3640 1214 3696 GL

152 3723 184 3776 13
211 3724 333 3778 ciuitatis
356 3725 463 3779 fuerant
486 3746 507 3791 φ
614 3726 647 3780 14
672 3725 739 3779 foris
757 3742 834 3779 muro
852 3727 880 3780 B
908 3726 1078 3796 (1,4o;111‚
1098 3728 1226 3794 15‚16):
1264 3728 1285 3784 f.

150 3825 240 3864 muros
261 3810 316 3880 Wd
346 3809 367 3865 1.
384 3825 492 3864 murum
510 3827 529 3864 o
559 3827 626 3879 quae
645 3811 664 3865 f.
689 3812 772 3879 (foras
792 3812 828 3877 L)
859 3829 935 3866 muro
959 3815 1060 3880 (muros
1078 3815 1177 3882 Men)
1205 3819 1284 3869 erant

151 3896 205 3961 oL
305 3898 337 3951 17
356 3897 501 3966 uocitatur]
520 3897 656 3966 diciturd
752 3899 798 3968 qni
816 3899 844 3952 P
942 3900 974 3953 18
992 3900 1128 3955 recordare
1146 3901 1213 3958 P¹R

149 3982 184 4035 20
202 3982 236 4036 ad
254 3983 389 4051 sepulture
407 3984 435 4038 B
461 3984 649 4055 sepulturaep
739 3985 816 4039 addit
833 4001 852 4038 a
938 3989 965 4039 et
983 4002 1033 4041 ora.
1052 3987 1079 4041 P
1175 3989 1207 4043 21
1226 3991 1283 4042 tra·

150 4068 291 4139 dereturd
395 4072 533 4140 geruntur]
553 4071 683 4139 fierentd
787 4073 821 4127 22
842 4076 1049 4127 memoratorum
1066 4074 1094 4128 B
1198 4075 1233 4129 24
1251 4080 1283 4130 ut

149 4170 200 4209 om.
218 4157 407 4214 BVOs¹aPR
504 4158 537 4212 25
555 4158 743 4212 maxilitanum
759 4160 837 4229 Wad
932 4162 1048 4214 exissent
1063 4161 1102 4216 W
1119 4162 1236 4215 exissent
1255 4165 1283 4216 ot

150 4242 167 4308 β
255 4242 288 4297 26
307 4259 410 4298 occurre
429 4245 456 4298 P
546 4244 653 4299 iussio
749 4246 783 4299 21
801 4245 893 4299 saltim
912 4247 1073 4302 BVOWsL
1099 4248 1249 4304 salutemb
1318 4285 1323 4292 -
