2804 4830
481 316 571 370 riser
589 316 642 382 111,
660 317 771 372 aa-as.
1150 323 1192 389 33

62 507 232 573 ministris:
265 505 421 572 mittite
453 507 493 573 in
527 506 716 572 tenebras
750 507 985 587 exteriores,
1019 508 1084 574 ubi
1116 511 1193 576 erit

61 611 619 676 fletusoculorumotstridor
642 610 832 676 dentium.
856 611 1031 694 Illapoena
1052 615 1192 680 timenda

62 719 109 781 ost
133 733 211 797 quae
233 731 404 796 numquam
426 713 546 792 finitur,
570 712 628 778 illa
650 714 854 780 desideranda
881 715 949 779 uita
970 735 1048 798 quae
1071 735 1192 800 semper

62 812 216 886 habetur?
248 817 377 882 Talibus
398 818 504 899 itaque
526 817 627 882 filium
649 817 787 882 solidans
808 819 913 884 uerbis
936 819 1086 885 uelociter
1108 838 1192 885 mar·

40 923 165 1006 styrem
197 920 284 986 fecit.
329 921 525 986 Uenerabilis
553 939 627 986 uero
650 922 839 1001 adulescens,
868 922 1033 988 Maioribus
1056 923 1246 1002 nomine‚24

60 1029 93 1090 in
116 1025 285 1090 certamine
307 1024 511 1089 confessionis
533 1024 679 1106 spiritum
701 1025 832 1090 reddens
848 1043 974 1090 cursum
989 1026 1191 1109 palmiferum

61 1130 307 1193 consummauit:
331 1129 572 1212 amplexansque
594 1128 652 1192 illa
665 1129 802 1193 hostiam
824 1148 923 1213 suam,
947 1132 1072 1212 quantis
1087 1133 1191 1212 potuit

61 1231 193 1296 uocibus
225 1231 348 1297 domino
382 1231 501 1315 gratias
536 1249 642 1314 agens,
675 1234 714 1296 ad
736 1231 886 1315 gaudium
914 1233 981 1316 spei
1009 1233 1133 1298 futurae
1156 1234 1190 1298 in

60 1354 116 1399 sua
139 1337 231 1400 domo
253 1335 366 1400 maluit
394 1334 534 1416 sepelire,
557 1338 593 1398 ut
617 1335 759 1416 quotiens
788 1354 881 1418 super
902 1336 1102 1418 sepulchrum
1124 1337 1190 1402 eius

24 1455 50 1495 ιο
59 1439 198 1507 trinitati
220 1457 326 1520 preces
349 1439 490 1517 effundit,
512 1438 648 1503 ahenam
670 1457 703 1502 se
727 1438 824 1504 afilio
846 1459 1017 1522 numquam
1039 1459 1106 1505 esse
1121 1458 1193 1504 con·

59 1541 146 1608 fidat.
193 1540 311 1620 Quanti
338 1544 434 1626 igitur
456 1560 511 1624 per
534 1561 602 1607 eam
624 1543 658 1607 in
679 1541 737 1606 illa
766 1542 904 1617 ciuitate,
938 1545 974 1608 ut
995 1543 1053 1608 fati
1075 1562 1191 1622 sumus,

59 1646 211 1728 adquisiti
233 1650 306 1711 sunt
329 1648 397 1723 deo,
419 1647 551 1730 longum
574 1649 621 1711 est
637 1664 790 1710 enarrare.
814 1645 899 1710 Nam
912 1647 945 1711 et
960 1645 1027 1712 eius
1041 1665 1192 1730 germana

60 1748 186 1815 nomine
207 1750 334 1834 Datiua,
367 1752 460 1832 atque
483 1749 613 1815 Leontia
645 1749 710 1814 filia
738 1750 840 1814 sancti
863 1748 1012 1814 Germani
1045 1750 1190 1832 episcopi,

60 1856 269 1938 cognatusque
296 1853 428 1919 Datiuae
462 1852 653 1918 uenerabilis
676 1852 811 1917 Emilius
844 1854 992 1927 medicus,
1026 1853 1189 1936 religiosus

22 1974 50 2014 15
60 1975 181 2038 quoque
195 1956 320 2022 Tertius
342 1956 497 2022 trinitatis
521 1956 713 2023 confessione
735 1957 923 2039 praeclarus,
947 1957 999 2020 uel
1020 1956 1191 2024 Sibidensis

58 2059 235 2126 Bonifatius
246 2063 364 2142 quanta
374 2059 562 2143 pertulerint
578 2059 785 2142 qualibusque
798 2059 985 2125 cruciatibus
1001 2060 1190 2126 euisceratae

58 2164 110 2227 uel
133 2162 298 2228 euiscerati
321 2164 394 2242 siut,
417 2165 471 2246 qui
496 2165 582 2228 ualet
604 2183 640 2228 ex
660 2163 766 2228 ordine
789 2163 881 2230 dicat.

105 2299 157 2381 (V,
173 2301 206 2382 2)
232 2299 320 2365 Serui
342 2319 461 2382 quoque
477 2301 711 2366 Tuburbitanae
733 2300 875 2366 ciuitatis
894 2301 1030 2379 maioris,
1047 2283 1244 2383 'generosius

56 2407 88 2467 et
112 2402 229 2468 nobilis
252 2404 323 2487 uiri,
344 2422 400 2488 pro
423 2402 545 2468 Christo
561 2422 636 2485 quas
659 2404 792 2487 pertulit
809 2406 877 2487 quis
901 2405 1033 2488 explicet
1048 2408 1191 2488 poenas?

21 2507 119 2588 roQui
140 2507 213 2590 post
235 2509 341 2608 caedes
363 2507 638 2574 innumerabilium
668 2509 801 2573 fustmm
823 2507 950 2572 trocleis
973 2507 1189 2589 frequentibus

56 2610 200 2677 eleuatus
232 2612 306 2674 dum
339 2611 438 2674 totam
473 2629 528 2692 per
561 2613 670 2676 urbem
692 2612 858 2694 penderet,
893 2629 975 2674 nune
998 2613 1031 2676 in
1053 2612 1189 2677 sublime

162 2798 175 2850 1
201 2797 251 2850 ne
270 2797 311 2864 aa,
332 2799 372 2852 ra.

111 2969 261 3023 ltenebris
277 2968 306 3022 Β
403 2969 442 3022 ibi
462 2969 564 3023 WsaP
579 2975 605 3023 et
623 2969 741 3039 Vulqata
843 2969 1015 3024 2oculorum
1032 2985 1081 3023 ern.
1101 2987 1119 3022 a

54 3055 72 3108 3
99 3053 275 3108 desideranda
296 3057 337 3108 est
359 3055 418 3108 uita
446 3056 485 3110 W
586 3055 604 3108 4
630 3055 717 3109 filium
744 3071 794 3109 om.
823 3073 842 3109 a
943 3055 1130 3109 baduleseeus
1152 3055 1188 3109 V¹

54 3140 205 3194 aduliscens
217 3141 245 3193 Β
262 3141 416 3194 adolescens
428 3142 488 3196 rell.
585 3142 712 3196 maiorius
725 3160 743 3195 o
842 3143 857 3195 l
869 3141 1037 3196 conmmanit
1053 3141 1119 3195 WP

54 3228 134 3281 illam
153 3227 208 3282 ΡΒ
309 3227 453 3281 8u0tibus
476 3226 515 3281 W
612 3229 660 3281 deo
680 3229 707 3281 P
804 3228 906 3297 quisb
1009 3229 1093 3282 9suo
1111 3228 1188 3281 domo

54 3313 83 3366 Β
151 3384 154 3389 ι
186 3312 295 3366 malluit
318 3313 424 3368 ΒΜ
449 3312 495 3378 (cf.
519 3313 671 3369 Gasaieder.
690 3314 723 3368 de
740 3315 856 3384 ortbopr.
875 3330 897 3369 c.
914 3317 942 3379 1)
1047 3315 1185 3383 quociens-

55 3413 169 3467 cumque
192 3415 211 3452 a
313 3400 463 3468 sepulerum
494 3401 547 3453 aP
653 3400 687 3453 10
712 3415 793 3468 praece
823 3400 860 3454 W
959 3400 1080 3454 effundat
1102 3400 1187 3455 V’Ma

54 3472 225 3554 effuditli'
282 3484 370 3538 aliena
388 3485 477 3539 BV¹a
577 3501 632 3537 esse
650 3501 699 3538 orn.
719 3502 738 3538 a
840 3485 870 3538 11
890 3486 919 3538 in
937 3486 1021 3542 om.b
1119 3485 1187 3539 fatti

54 3571 83 3624 Β
108 3586 143 3625 ex
160 3569 226 3624 facti
339 3574 372 3626 15
399 3571 531 3624 confessio
559 3589 578 3625 a
680 3571 723 3624 uel
742 3570 898 3640 Sibidensis]
917 3572 1073 3626 uesubensis
1092 3591 1110 3626 a
1142 3573 1185 3625 uel

54 3652 253 3724 sibidriensisp
356 3658 389 3711 16
406 3656 557 3710 bonifacius
577 3657 734 3712 OWMsaP
831 3654 967 3711 ornatibus
985 3659 1013 3713 Β
1115 3657 1186 3710 euis-

54 3745 161 3796 ceratae
178 3742 221 3796 uel
234 3759 284 3796 om.
297 3744 335 3796 M
432 3744 463 3798 17
484 3743 608 3797 uiscerati
624 3744 663 3799 W
756 3747 820 3797 sunt
838 3743 901 3798 MP
993 3760 1085 3798 exem.
1099 3760 1117 3796 a

55 3830 88 3883 18
102 3829 183 3882 reruii
201 3829 254 3883 'We
277 3831 379 3883 seruius
393 3829 426 3884 0²
450 3845 544 3883 seruus
556 3830 612 3885 ΡΒ
635 3816 761 3884 suruusb
857 3831 1063 3885 turburbitanae
1082 3831 1119 3884 W

53 3916 208 3984 maiorusli
309 3930 454 3983 generosus
477 3916 538 3971 (ΡΒ
645 3917 678 3969 19
694 3917 798 3970 nobiles
820 3918 890 3972 (ΡΜ
990 3917 1034 3969 uir
1056 3914 1116 3970 0²1]

53 4000 163 4070 explicit
180 4000 261 4056 BVa¹
365 4001 400 4054 20
419 4001 527 4056 festinm
550 4002 585 4056 V¹
689 4002 869 4070 flequentibus
888 4003 943 4059 ΡΒ
1045 4002 1184 4056 21tetem

51 4104 99 4158 per
116 4087 210 4142 urbem
229 4086 321 4144 0sz
348 4091 409 4143 tota
428 4092 497 4157 (toto
521 4089 558 4156 V)
577 4105 624 4157 per
642 4089 709 4142 urbe
726 4089 793 4144 ΒΨ
820 4091 878 4143 teta
896 4106 921 4157 p.
941 4088 1033 4142 urbem
1051 4089 1129 4155 (urbe
1147 4089 1186 4156 Vl

51 4175 97 4230 die
112 4174 198 4230 V‘Ms
223 4191 248 4244 p.
267 4177 354 4229 totam
372 4176 464 4230 urbem
485 4193 503 4230 a
531 4179 591 4230 tota
608 4191 633 4243 p.
652 4175 745 4229 urbem
763 4176 817 4231 ΡΒ
913 4192 982 4229 nunc
1000 4192 1059 4230 eum
1081 4177 1115 4232 0²

51 4260 184 4316 sublimes
201 4260 230 4314 Β
236 4261 269 4315 V¹
295 4261 407 4315 sublimi
426 4261 445 4315 a

1050 4366 1085 4417 ⁶*
1245 4364 1328 4544 Ι
